%YAML 1.1
%TAG !u! tag:unity3d.com,2011:
--- !u!29 &1
OcclusionCullingSettings:
  m_ObjectHideFlags: 0
  serializedVersion: 2
  m_OcclusionBakeSettings:
    smallestOccluder: 5
    smallestHole: 0.25
    backfaceThreshold: 100
  m_SceneGUID: 00000000000000000000000000000000
  m_OcclusionCullingData: {fileID: 0}
--- !u!104 &2
RenderSettings:
  m_ObjectHideFlags: 0
  serializedVersion: 9
  m_Fog: 0
  m_FogColor: {r: 0.5, g: 0.5, b: 0.5, a: 1}
  m_FogMode: 3
  m_FogDensity: 0.01
  m_LinearFogStart: 0
  m_LinearFogEnd: 300
  m_AmbientSkyColor: {r: 0.212, g: 0.227, b: 0.259, a: 1}
  m_AmbientEquatorColor: {r: 0.114, g: 0.125, b: 0.133, a: 1}
  m_AmbientGroundColor: {r: 0.047, g: 0.043, b: 0.035, a: 1}
  m_AmbientIntensity: 1
  m_AmbientMode: 0
  m_SubtractiveShadowColor: {r: 0.42, g: 0.478, b: 0.627, a: 1}
  m_SkyboxMaterial: {fileID: 10304, guid: 0000000000000000f000000000000000, type: 0}
  m_HaloStrength: 0.5
  m_FlareStrength: 1
  m_FlareFadeSpeed: 3
  m_HaloTexture: {fileID: 0}
  m_SpotCookie: {fileID: 10001, guid: 0000000000000000e000000000000000, type: 0}
  m_DefaultReflectionMode: 0
  m_DefaultReflectionResolution: 128
  m_ReflectionBounces: 1
  m_ReflectionIntensity: 1
  m_CustomReflection: {fileID: 0}
  m_Sun: {fileID: 0}
  m_IndirectSpecularColor: {r: 0.44657898, g: 0.4964133, b: 0.5748178, a: 1}
  m_UseRadianceAmbientProbe: 0
--- !u!157 &3
LightmapSettings:
  m_ObjectHideFlags: 0
  serializedVersion: 11
  m_GIWorkflowMode: 1
  m_GISettings:
    serializedVersion: 2
    m_BounceScale: 1
    m_IndirectOutputScale: 1
    m_AlbedoBoost: 1
    m_EnvironmentLightingMode: 0
    m_EnableBakedLightmaps: 1
    m_EnableRealtimeLightmaps: 0
  m_LightmapEditorSettings:
    serializedVersion: 12
    m_Resolution: 2
    m_BakeResolution: 40
    m_AtlasSize: 1024
    m_AO: 0
    m_AOMaxDistance: 1
    m_CompAOExponent: 1
    m_CompAOExponentDirect: 0
    m_ExtractAmbientOcclusion: 0
    m_Padding: 2
    m_LightmapParameters: {fileID: 0}
    m_LightmapsBakeMode: 1
    m_TextureCompression: 1
    m_FinalGather: 0
    m_FinalGatherFiltering: 1
    m_FinalGatherRayCount: 256
    m_ReflectionCompression: 2
    m_MixedBakeMode: 2
    m_BakeBackend: 2
    m_PVRSampling: 1
    m_PVRDirectSampleCount: 32
    m_PVRSampleCount: 512
    m_PVRBounces: 2
    m_PVREnvironmentSampleCount: 256
    m_PVREnvironmentReferencePointCount: 2048
    m_PVRFilteringMode: 1
    m_PVRDenoiserTypeDirect: 1
    m_PVRDenoiserTypeIndirect: 1
    m_PVRDenoiserTypeAO: 1
    m_PVRFilterTypeDirect: 0
    m_PVRFilterTypeIndirect: 0
    m_PVRFilterTypeAO: 0
    m_PVREnvironmentMIS: 1
    m_PVRCulling: 1
    m_PVRFilteringGaussRadiusDirect: 1
    m_PVRFilteringGaussRadiusIndirect: 5
    m_PVRFilteringGaussRadiusAO: 2
    m_PVRFilteringAtrousPositionSigmaDirect: 0.5
    m_PVRFilteringAtrousPositionSigmaIndirect: 2
    m_PVRFilteringAtrousPositionSigmaAO: 1
    m_ExportTrainingData: 0
    m_TrainingDataDestination: TrainingData
    m_LightProbeSampleCountMultiplier: 4
  m_LightingDataAsset: {fileID: 112000000, guid: c05e0881f0203974cab66738241ec817,
    type: 2}
  m_UseShadowmask: 1
--- !u!196 &4
NavMeshSettings:
  serializedVersion: 2
  m_ObjectHideFlags: 0
  m_BuildSettings:
    serializedVersion: 2
    agentTypeID: 0
    agentRadius: 0.5
    agentHeight: 2
    agentSlope: 45
    agentClimb: 0.4
    ledgeDropHeight: 0
    maxJumpAcrossDistance: 0
    minRegionArea: 2
    manualCellSize: 0
    cellSize: 0.16666667
    manualTileSize: 0
    tileSize: 256
    accuratePlacement: 0
    debug:
      m_Flags: 0
  m_NavMeshData: {fileID: 0}
--- !u!1 &8023450
GameObject:
  m_ObjectHideFlags: 0
  m_CorrespondingSourceObject: {fileID: 0}
  m_PrefabInstance: {fileID: 0}
  m_PrefabAsset: {fileID: 0}
  serializedVersion: 6
  m_Component:
  - component: {fileID: 8023454}
  - component: {fileID: 8023453}
  - component: {fileID: 8023452}
  - component: {fileID: 8023451}
  m_Layer: 0
  m_Name: Sphere
  m_TagString: Untagged
  m_Icon: {fileID: 0}
  m_NavMeshLayer: 0
  m_StaticEditorFlags: 0
  m_IsActive: 1
--- !u!135 &8023451
SphereCollider:
  m_ObjectHideFlags: 0
  m_CorrespondingSourceObject: {fileID: 0}
  m_PrefabInstance: {fileID: 0}
  m_PrefabAsset: {fileID: 0}
  m_GameObject: {fileID: 8023450}
  m_Material: {fileID: 0}
  m_IsTrigger: 0
  m_Enabled: 1
  serializedVersion: 2
  m_Radius: 0.5
  m_Center: {x: 0, y: 0, z: 0}
--- !u!23 &8023452
MeshRenderer:
  m_ObjectHideFlags: 0
  m_CorrespondingSourceObject: {fileID: 0}
  m_PrefabInstance: {fileID: 0}
  m_PrefabAsset: {fileID: 0}
  m_GameObject: {fileID: 8023450}
  m_Enabled: 1
  m_CastShadows: 1
  m_ReceiveShadows: 1
  m_DynamicOccludee: 1
  m_MotionVectors: 1
  m_LightProbeUsage: 1
  m_ReflectionProbeUsage: 1
  m_RayTracingMode: 2
  m_RenderingLayerMask: 1
  m_RendererPriority: 0
  m_Materials:
  - {fileID: 10303, guid: 0000000000000000f000000000000000, type: 0}
  m_StaticBatchInfo:
    firstSubMesh: 0
    subMeshCount: 0
  m_StaticBatchRoot: {fileID: 0}
  m_ProbeAnchor: {fileID: 0}
  m_LightProbeVolumeOverride: {fileID: 0}
  m_ScaleInLightmap: 1
  m_ReceiveGI: 1
  m_PreserveUVs: 0
  m_IgnoreNormalsForChartDetection: 0
  m_ImportantGI: 0
  m_StitchLightmapSeams: 1
  m_SelectedEditorRenderState: 3
  m_MinimumChartSize: 4
  m_AutoUVMaxDistance: 0.5
  m_AutoUVMaxAngle: 89
  m_LightmapParameters: {fileID: 0}
  m_SortingLayerID: 0
  m_SortingLayer: 0
  m_SortingOrder: 0
--- !u!33 &8023453
MeshFilter:
  m_ObjectHideFlags: 0
  m_CorrespondingSourceObject: {fileID: 0}
  m_PrefabInstance: {fileID: 0}
  m_PrefabAsset: {fileID: 0}
  m_GameObject: {fileID: 8023450}
  m_Mesh: {fileID: 10207, guid: 0000000000000000e000000000000000, type: 0}
--- !u!4 &8023454
Transform:
  m_ObjectHideFlags: 0
  m_CorrespondingSourceObject: {fileID: 0}
  m_PrefabInstance: {fileID: 0}
  m_PrefabAsset: {fileID: 0}
  m_GameObject: {fileID: 8023450}
  m_LocalRotation: {x: 0, y: 0, z: 0, w: 1}
  m_LocalPosition: {x: 6.447, y: 1.774, z: 10.68}
  m_LocalScale: {x: 0.54608, y: 0.54608, z: 0.10152173}
  m_Children: []
  m_Father: {fileID: 0}
  m_RootOrder: 16
  m_LocalEulerAnglesHint: {x: 0, y: 0, z: 0}
--- !u!1001 &134477004
PrefabInstance:
  m_ObjectHideFlags: 0
  serializedVersion: 2
  m_Modification:
    m_TransformParent: {fileID: 0}
    m_Modifications:
    - target: {fileID: 1019396906300210, guid: e701c442dd73c844b9f5a0c6ed6e59e1, type: 3}
      propertyPath: m_Name
      value: bookcase (1)
      objectReference: {fileID: 0}
    - target: {fileID: 4368101801063984, guid: e701c442dd73c844b9f5a0c6ed6e59e1, type: 3}
      propertyPath: m_LocalPosition.x
      value: 9.31
      objectReference: {fileID: 0}
    - target: {fileID: 4368101801063984, guid: e701c442dd73c844b9f5a0c6ed6e59e1, type: 3}
      propertyPath: m_LocalPosition.y
      value: 0.04
      objectReference: {fileID: 0}
    - target: {fileID: 4368101801063984, guid: e701c442dd73c844b9f5a0c6ed6e59e1, type: 3}
      propertyPath: m_LocalPosition.z
      value: 7.916
      objectReference: {fileID: 0}
    - target: {fileID: 4368101801063984, guid: e701c442dd73c844b9f5a0c6ed6e59e1, type: 3}
      propertyPath: m_LocalRotation.x
      value: 0
      objectReference: {fileID: 0}
    - target: {fileID: 4368101801063984, guid: e701c442dd73c844b9f5a0c6ed6e59e1, type: 3}
      propertyPath: m_LocalRotation.y
      value: -0.7071068
      objectReference: {fileID: 0}
    - target: {fileID: 4368101801063984, guid: e701c442dd73c844b9f5a0c6ed6e59e1, type: 3}
      propertyPath: m_LocalRotation.z
      value: 0
      objectReference: {fileID: 0}
    - target: {fileID: 4368101801063984, guid: e701c442dd73c844b9f5a0c6ed6e59e1, type: 3}
      propertyPath: m_LocalRotation.w
      value: 0.7071068
      objectReference: {fileID: 0}
    - target: {fileID: 4368101801063984, guid: e701c442dd73c844b9f5a0c6ed6e59e1, type: 3}
      propertyPath: m_RootOrder
      value: 7
      objectReference: {fileID: 0}
    - target: {fileID: 4368101801063984, guid: e701c442dd73c844b9f5a0c6ed6e59e1, type: 3}
      propertyPath: m_LocalEulerAnglesHint.x
      value: 0
      objectReference: {fileID: 0}
    - target: {fileID: 4368101801063984, guid: e701c442dd73c844b9f5a0c6ed6e59e1, type: 3}
      propertyPath: m_LocalEulerAnglesHint.y
      value: -90
      objectReference: {fileID: 0}
    - target: {fileID: 4368101801063984, guid: e701c442dd73c844b9f5a0c6ed6e59e1, type: 3}
      propertyPath: m_LocalEulerAnglesHint.z
      value: 0
      objectReference: {fileID: 0}
    - target: {fileID: 4368101801063984, guid: e701c442dd73c844b9f5a0c6ed6e59e1, type: 3}
      propertyPath: m_LocalScale.x
      value: 0.43
      objectReference: {fileID: 0}
    - target: {fileID: 4368101801063984, guid: e701c442dd73c844b9f5a0c6ed6e59e1, type: 3}
      propertyPath: m_LocalScale.y
      value: 0.43
      objectReference: {fileID: 0}
    - target: {fileID: 4368101801063984, guid: e701c442dd73c844b9f5a0c6ed6e59e1, type: 3}
      propertyPath: m_LocalScale.z
      value: 0.43
      objectReference: {fileID: 0}
    m_RemovedComponents: []
  m_SourcePrefab: {fileID: 100100000, guid: e701c442dd73c844b9f5a0c6ed6e59e1, type: 3}
--- !u!1001 &141150609
PrefabInstance:
  m_ObjectHideFlags: 0
  serializedVersion: 2
  m_Modification:
    m_TransformParent: {fileID: 0}
    m_Modifications:
    - target: {fileID: 100000, guid: 888ce82c0af2ab0499d39c93fb0f4ce4, type: 3}
      propertyPath: m_Name
      value: book_0001c
      objectReference: {fileID: 0}
    - target: {fileID: 400000, guid: 888ce82c0af2ab0499d39c93fb0f4ce4, type: 3}
      propertyPath: m_LocalPosition.x
      value: 10.912706
      objectReference: {fileID: 0}
    - target: {fileID: 400000, guid: 888ce82c0af2ab0499d39c93fb0f4ce4, type: 3}
      propertyPath: m_LocalPosition.y
      value: 0.816
      objectReference: {fileID: 0}
    - target: {fileID: 400000, guid: 888ce82c0af2ab0499d39c93fb0f4ce4, type: 3}
      propertyPath: m_LocalPosition.z
      value: 8.835666
      objectReference: {fileID: 0}
    - target: {fileID: 400000, guid: 888ce82c0af2ab0499d39c93fb0f4ce4, type: 3}
      propertyPath: m_LocalRotation.x
      value: 0
      objectReference: {fileID: 0}
    - target: {fileID: 400000, guid: 888ce82c0af2ab0499d39c93fb0f4ce4, type: 3}
      propertyPath: m_LocalRotation.y
      value: 0
      objectReference: {fileID: 0}
    - target: {fileID: 400000, guid: 888ce82c0af2ab0499d39c93fb0f4ce4, type: 3}
      propertyPath: m_LocalRotation.z
      value: 0.7071068
      objectReference: {fileID: 0}
    - target: {fileID: 400000, guid: 888ce82c0af2ab0499d39c93fb0f4ce4, type: 3}
      propertyPath: m_LocalRotation.w
      value: 0.7071068
      objectReference: {fileID: 0}
    - target: {fileID: 400000, guid: 888ce82c0af2ab0499d39c93fb0f4ce4, type: 3}
      propertyPath: m_RootOrder
      value: 2
      objectReference: {fileID: 0}
    - target: {fileID: 400000, guid: 888ce82c0af2ab0499d39c93fb0f4ce4, type: 3}
      propertyPath: m_LocalEulerAnglesHint.x
      value: 0
      objectReference: {fileID: 0}
    - target: {fileID: 400000, guid: 888ce82c0af2ab0499d39c93fb0f4ce4, type: 3}
      propertyPath: m_LocalEulerAnglesHint.y
      value: 0
      objectReference: {fileID: 0}
    - target: {fileID: 400000, guid: 888ce82c0af2ab0499d39c93fb0f4ce4, type: 3}
      propertyPath: m_LocalEulerAnglesHint.z
      value: 90
      objectReference: {fileID: 0}
    m_RemovedComponents: []
  m_SourcePrefab: {fileID: 100100000, guid: 888ce82c0af2ab0499d39c93fb0f4ce4, type: 3}
--- !u!1 &141150610 stripped
GameObject:
  m_CorrespondingSourceObject: {fileID: 100000, guid: 888ce82c0af2ab0499d39c93fb0f4ce4,
    type: 3}
  m_PrefabInstance: {fileID: 141150609}
  m_PrefabAsset: {fileID: 0}
--- !u!64 &141150611
MeshCollider:
  m_ObjectHideFlags: 0
  m_CorrespondingSourceObject: {fileID: 0}
  m_PrefabInstance: {fileID: 0}
  m_PrefabAsset: {fileID: 0}
  m_GameObject: {fileID: 141150610}
  m_Material: {fileID: 0}
  m_IsTrigger: 0
  m_Enabled: 1
  serializedVersion: 4
  m_Convex: 0
  m_CookingOptions: 30
  m_Mesh: {fileID: 4300004, guid: 08e091500e68ded43b4abfb1b3f718d0, type: 3}
--- !u!1001 &289355291
PrefabInstance:
  m_ObjectHideFlags: 0
  serializedVersion: 2
  m_Modification:
    m_TransformParent: {fileID: 0}
    m_Modifications:
    - target: {fileID: 1019396906300210, guid: e701c442dd73c844b9f5a0c6ed6e59e1, type: 3}
      propertyPath: m_Name
      value: bookcase (12)
      objectReference: {fileID: 0}
    - target: {fileID: 4368101801063984, guid: e701c442dd73c844b9f5a0c6ed6e59e1, type: 3}
      propertyPath: m_LocalPosition.x
      value: 2.51
      objectReference: {fileID: 0}
    - target: {fileID: 4368101801063984, guid: e701c442dd73c844b9f5a0c6ed6e59e1, type: 3}
      propertyPath: m_LocalPosition.y
      value: 0.04
      objectReference: {fileID: 0}
    - target: {fileID: 4368101801063984, guid: e701c442dd73c844b9f5a0c6ed6e59e1, type: 3}
      propertyPath: m_LocalPosition.z
      value: 7.916
      objectReference: {fileID: 0}
    - target: {fileID: 4368101801063984, guid: e701c442dd73c844b9f5a0c6ed6e59e1, type: 3}
      propertyPath: m_LocalRotation.x
      value: 0
      objectReference: {fileID: 0}
    - target: {fileID: 4368101801063984, guid: e701c442dd73c844b9f5a0c6ed6e59e1, type: 3}
      propertyPath: m_LocalRotation.y
      value: -0.7071068
      objectReference: {fileID: 0}
    - target: {fileID: 4368101801063984, guid: e701c442dd73c844b9f5a0c6ed6e59e1, type: 3}
      propertyPath: m_LocalRotation.z
      value: 0
      objectReference: {fileID: 0}
    - target: {fileID: 4368101801063984, guid: e701c442dd73c844b9f5a0c6ed6e59e1, type: 3}
      propertyPath: m_LocalRotation.w
      value: 0.7071068
      objectReference: {fileID: 0}
    - target: {fileID: 4368101801063984, guid: e701c442dd73c844b9f5a0c6ed6e59e1, type: 3}
      propertyPath: m_RootOrder
      value: 14
      objectReference: {fileID: 0}
    - target: {fileID: 4368101801063984, guid: e701c442dd73c844b9f5a0c6ed6e59e1, type: 3}
      propertyPath: m_LocalEulerAnglesHint.x
      value: 0
      objectReference: {fileID: 0}
    - target: {fileID: 4368101801063984, guid: e701c442dd73c844b9f5a0c6ed6e59e1, type: 3}
      propertyPath: m_LocalEulerAnglesHint.y
      value: -90
      objectReference: {fileID: 0}
    - target: {fileID: 4368101801063984, guid: e701c442dd73c844b9f5a0c6ed6e59e1, type: 3}
      propertyPath: m_LocalEulerAnglesHint.z
      value: 0
      objectReference: {fileID: 0}
    - target: {fileID: 4368101801063984, guid: e701c442dd73c844b9f5a0c6ed6e59e1, type: 3}
      propertyPath: m_LocalScale.x
      value: 0.43
      objectReference: {fileID: 0}
    - target: {fileID: 4368101801063984, guid: e701c442dd73c844b9f5a0c6ed6e59e1, type: 3}
      propertyPath: m_LocalScale.y
      value: 0.43
      objectReference: {fileID: 0}
    - target: {fileID: 4368101801063984, guid: e701c442dd73c844b9f5a0c6ed6e59e1, type: 3}
      propertyPath: m_LocalScale.z
      value: 0.43
      objectReference: {fileID: 0}
    m_RemovedComponents: []
  m_SourcePrefab: {fileID: 100100000, guid: e701c442dd73c844b9f5a0c6ed6e59e1, type: 3}
--- !u!1001 &434053407
PrefabInstance:
  m_ObjectHideFlags: 0
  serializedVersion: 2
  m_Modification:
    m_TransformParent: {fileID: 0}
    m_Modifications:
    - target: {fileID: 1019396906300210, guid: e701c442dd73c844b9f5a0c6ed6e59e1, type: 3}
      propertyPath: m_Name
      value: bookcase (6)
      objectReference: {fileID: 0}
    - target: {fileID: 4368101801063984, guid: e701c442dd73c844b9f5a0c6ed6e59e1, type: 3}
      propertyPath: m_LocalPosition.x
      value: 8.77
      objectReference: {fileID: 0}
    - target: {fileID: 4368101801063984, guid: e701c442dd73c844b9f5a0c6ed6e59e1, type: 3}
      propertyPath: m_LocalPosition.y
      value: 0.04
      objectReference: {fileID: 0}
    - target: {fileID: 4368101801063984, guid: e701c442dd73c844b9f5a0c6ed6e59e1, type: 3}
      propertyPath: m_LocalPosition.z
      value: 7.916
      objectReference: {fileID: 0}
    - target: {fileID: 4368101801063984, guid: e701c442dd73c844b9f5a0c6ed6e59e1, type: 3}
      propertyPath: m_LocalRotation.x
      value: 0
      objectReference: {fileID: 0}
    - target: {fileID: 4368101801063984, guid: e701c442dd73c844b9f5a0c6ed6e59e1, type: 3}
      propertyPath: m_LocalRotation.y
      value: 0.7071068
      objectReference: {fileID: 0}
    - target: {fileID: 4368101801063984, guid: e701c442dd73c844b9f5a0c6ed6e59e1, type: 3}
      propertyPath: m_LocalRotation.z
      value: 0
      objectReference: {fileID: 0}
    - target: {fileID: 4368101801063984, guid: e701c442dd73c844b9f5a0c6ed6e59e1, type: 3}
      propertyPath: m_LocalRotation.w
      value: 0.7071068
      objectReference: {fileID: 0}
    - target: {fileID: 4368101801063984, guid: e701c442dd73c844b9f5a0c6ed6e59e1, type: 3}
      propertyPath: m_RootOrder
      value: 9
      objectReference: {fileID: 0}
    - target: {fileID: 4368101801063984, guid: e701c442dd73c844b9f5a0c6ed6e59e1, type: 3}
      propertyPath: m_LocalEulerAnglesHint.x
      value: 0
      objectReference: {fileID: 0}
    - target: {fileID: 4368101801063984, guid: e701c442dd73c844b9f5a0c6ed6e59e1, type: 3}
      propertyPath: m_LocalEulerAnglesHint.y
      value: 90
      objectReference: {fileID: 0}
    - target: {fileID: 4368101801063984, guid: e701c442dd73c844b9f5a0c6ed6e59e1, type: 3}
      propertyPath: m_LocalEulerAnglesHint.z
      value: 0
      objectReference: {fileID: 0}
    - target: {fileID: 4368101801063984, guid: e701c442dd73c844b9f5a0c6ed6e59e1, type: 3}
      propertyPath: m_LocalScale.x
      value: 0.43
      objectReference: {fileID: 0}
    - target: {fileID: 4368101801063984, guid: e701c442dd73c844b9f5a0c6ed6e59e1, type: 3}
      propertyPath: m_LocalScale.y
      value: 0.43
      objectReference: {fileID: 0}
    - target: {fileID: 4368101801063984, guid: e701c442dd73c844b9f5a0c6ed6e59e1, type: 3}
      propertyPath: m_LocalScale.z
      value: 0.43
      objectReference: {fileID: 0}
    m_RemovedComponents: []
  m_SourcePrefab: {fileID: 100100000, guid: e701c442dd73c844b9f5a0c6ed6e59e1, type: 3}
--- !u!1001 &593194977
PrefabInstance:
  m_ObjectHideFlags: 0
  serializedVersion: 2
  m_Modification:
    m_TransformParent: {fileID: 0}
    m_Modifications:
    - target: {fileID: 1518701481049308, guid: 0941535f5a7c0d846a45a6370dc4036b, type: 3}
      propertyPath: m_Name
      value: chair
      objectReference: {fileID: 0}
    - target: {fileID: 4534449285516404, guid: 0941535f5a7c0d846a45a6370dc4036b, type: 3}
      propertyPath: m_LocalPosition.x
      value: 12.11
      objectReference: {fileID: 0}
    - target: {fileID: 4534449285516404, guid: 0941535f5a7c0d846a45a6370dc4036b, type: 3}
      propertyPath: m_LocalPosition.y
      value: 0
      objectReference: {fileID: 0}
    - target: {fileID: 4534449285516404, guid: 0941535f5a7c0d846a45a6370dc4036b, type: 3}
      propertyPath: m_LocalPosition.z
      value: 8.49
      objectReference: {fileID: 0}
    - target: {fileID: 4534449285516404, guid: 0941535f5a7c0d846a45a6370dc4036b, type: 3}
      propertyPath: m_LocalRotation.x
      value: -0
      objectReference: {fileID: 0}
    - target: {fileID: 4534449285516404, guid: 0941535f5a7c0d846a45a6370dc4036b, type: 3}
      propertyPath: m_LocalRotation.y
      value: -0
      objectReference: {fileID: 0}
    - target: {fileID: 4534449285516404, guid: 0941535f5a7c0d846a45a6370dc4036b, type: 3}
      propertyPath: m_LocalRotation.z
      value: -0
      objectReference: {fileID: 0}
    - target: {fileID: 4534449285516404, guid: 0941535f5a7c0d846a45a6370dc4036b, type: 3}
      propertyPath: m_LocalRotation.w
      value: 1
      objectReference: {fileID: 0}
    - target: {fileID: 4534449285516404, guid: 0941535f5a7c0d846a45a6370dc4036b, type: 3}
      propertyPath: m_RootOrder
      value: 1
      objectReference: {fileID: 0}
    - target: {fileID: 4534449285516404, guid: 0941535f5a7c0d846a45a6370dc4036b, type: 3}
      propertyPath: m_LocalEulerAnglesHint.x
      value: 0
      objectReference: {fileID: 0}
    - target: {fileID: 4534449285516404, guid: 0941535f5a7c0d846a45a6370dc4036b, type: 3}
      propertyPath: m_LocalEulerAnglesHint.y
      value: 0
      objectReference: {fileID: 0}
    - target: {fileID: 4534449285516404, guid: 0941535f5a7c0d846a45a6370dc4036b, type: 3}
      propertyPath: m_LocalEulerAnglesHint.z
      value: 0
      objectReference: {fileID: 0}
    - target: {fileID: 4534449285516404, guid: 0941535f5a7c0d846a45a6370dc4036b, type: 3}
      propertyPath: m_LocalScale.x
      value: 0.47970915
      objectReference: {fileID: 0}
    - target: {fileID: 4534449285516404, guid: 0941535f5a7c0d846a45a6370dc4036b, type: 3}
      propertyPath: m_LocalScale.y
      value: 0.47970915
      objectReference: {fileID: 0}
    - target: {fileID: 4534449285516404, guid: 0941535f5a7c0d846a45a6370dc4036b, type: 3}
      propertyPath: m_LocalScale.z
      value: 0.47970915
      objectReference: {fileID: 0}
    m_RemovedComponents: []
  m_SourcePrefab: {fileID: 100100000, guid: 0941535f5a7c0d846a45a6370dc4036b, type: 3}
--- !u!1001 &721392113
PrefabInstance:
  m_ObjectHideFlags: 0
  serializedVersion: 2
  m_Modification:
    m_TransformParent: {fileID: 0}
    m_Modifications:
    - target: {fileID: 1019396906300210, guid: e701c442dd73c844b9f5a0c6ed6e59e1, type: 3}
      propertyPath: m_Name
      value: bookcase
      objectReference: {fileID: 0}
    - target: {fileID: 4368101801063984, guid: e701c442dd73c844b9f5a0c6ed6e59e1, type: 3}
      propertyPath: m_LocalPosition.x
      value: 13.16
      objectReference: {fileID: 0}
    - target: {fileID: 4368101801063984, guid: e701c442dd73c844b9f5a0c6ed6e59e1, type: 3}
      propertyPath: m_LocalPosition.y
      value: 0.04
      objectReference: {fileID: 0}
    - target: {fileID: 4368101801063984, guid: e701c442dd73c844b9f5a0c6ed6e59e1, type: 3}
      propertyPath: m_LocalPosition.z
      value: 7.916
      objectReference: {fileID: 0}
    - target: {fileID: 4368101801063984, guid: e701c442dd73c844b9f5a0c6ed6e59e1, type: 3}
      propertyPath: m_LocalRotation.x
      value: 0
      objectReference: {fileID: 0}
    - target: {fileID: 4368101801063984, guid: e701c442dd73c844b9f5a0c6ed6e59e1, type: 3}
      propertyPath: m_LocalRotation.y
      value: 0.7071068
      objectReference: {fileID: 0}
    - target: {fileID: 4368101801063984, guid: e701c442dd73c844b9f5a0c6ed6e59e1, type: 3}
      propertyPath: m_LocalRotation.z
      value: 0
      objectReference: {fileID: 0}
    - target: {fileID: 4368101801063984, guid: e701c442dd73c844b9f5a0c6ed6e59e1, type: 3}
      propertyPath: m_LocalRotation.w
      value: 0.7071068
      objectReference: {fileID: 0}
    - target: {fileID: 4368101801063984, guid: e701c442dd73c844b9f5a0c6ed6e59e1, type: 3}
      propertyPath: m_RootOrder
      value: 3
      objectReference: {fileID: 0}
    - target: {fileID: 4368101801063984, guid: e701c442dd73c844b9f5a0c6ed6e59e1, type: 3}
      propertyPath: m_LocalEulerAnglesHint.x
      value: 0
      objectReference: {fileID: 0}
    - target: {fileID: 4368101801063984, guid: e701c442dd73c844b9f5a0c6ed6e59e1, type: 3}
      propertyPath: m_LocalEulerAnglesHint.y
      value: 90
      objectReference: {fileID: 0}
    - target: {fileID: 4368101801063984, guid: e701c442dd73c844b9f5a0c6ed6e59e1, type: 3}
      propertyPath: m_LocalEulerAnglesHint.z
      value: 0
      objectReference: {fileID: 0}
    - target: {fileID: 4368101801063984, guid: e701c442dd73c844b9f5a0c6ed6e59e1, type: 3}
      propertyPath: m_LocalScale.x
      value: 0.43
      objectReference: {fileID: 0}
    - target: {fileID: 4368101801063984, guid: e701c442dd73c844b9f5a0c6ed6e59e1, type: 3}
      propertyPath: m_LocalScale.y
      value: 0.43
      objectReference: {fileID: 0}
    - target: {fileID: 4368101801063984, guid: e701c442dd73c844b9f5a0c6ed6e59e1, type: 3}
      propertyPath: m_LocalScale.z
      value: 0.43
      objectReference: {fileID: 0}
    m_RemovedComponents: []
  m_SourcePrefab: {fileID: 100100000, guid: e701c442dd73c844b9f5a0c6ed6e59e1, type: 3}
--- !u!1001 &964766769
PrefabInstance:
  m_ObjectHideFlags: 0
  serializedVersion: 2
  m_Modification:
    m_TransformParent: {fileID: 0}
    m_Modifications:
    - target: {fileID: 1019396906300210, guid: e701c442dd73c844b9f5a0c6ed6e59e1, type: 3}
      propertyPath: m_Name
      value: bookcase (8)
      objectReference: {fileID: 0}
    - target: {fileID: 4368101801063984, guid: e701c442dd73c844b9f5a0c6ed6e59e1, type: 3}
      propertyPath: m_LocalPosition.x
      value: 7.42
      objectReference: {fileID: 0}
    - target: {fileID: 4368101801063984, guid: e701c442dd73c844b9f5a0c6ed6e59e1, type: 3}
      propertyPath: m_LocalPosition.y
      value: 0.04
      objectReference: {fileID: 0}
    - target: {fileID: 4368101801063984, guid: e701c442dd73c844b9f5a0c6ed6e59e1, type: 3}
      propertyPath: m_LocalPosition.z
      value: 7.916
      objectReference: {fileID: 0}
    - target: {fileID: 4368101801063984, guid: e701c442dd73c844b9f5a0c6ed6e59e1, type: 3}
      propertyPath: m_LocalRotation.x
      value: 0
      objectReference: {fileID: 0}
    - target: {fileID: 4368101801063984, guid: e701c442dd73c844b9f5a0c6ed6e59e1, type: 3}
      propertyPath: m_LocalRotation.y
      value: -0.7071068
      objectReference: {fileID: 0}
    - target: {fileID: 4368101801063984, guid: e701c442dd73c844b9f5a0c6ed6e59e1, type: 3}
      propertyPath: m_LocalRotation.z
      value: 0
      objectReference: {fileID: 0}
    - target: {fileID: 4368101801063984, guid: e701c442dd73c844b9f5a0c6ed6e59e1, type: 3}
      propertyPath: m_LocalRotation.w
      value: 0.7071068
      objectReference: {fileID: 0}
    - target: {fileID: 4368101801063984, guid: e701c442dd73c844b9f5a0c6ed6e59e1, type: 3}
      propertyPath: m_RootOrder
      value: 10
      objectReference: {fileID: 0}
    - target: {fileID: 4368101801063984, guid: e701c442dd73c844b9f5a0c6ed6e59e1, type: 3}
      propertyPath: m_LocalEulerAnglesHint.x
      value: 0
      objectReference: {fileID: 0}
    - target: {fileID: 4368101801063984, guid: e701c442dd73c844b9f5a0c6ed6e59e1, type: 3}
      propertyPath: m_LocalEulerAnglesHint.y
      value: -90
      objectReference: {fileID: 0}
    - target: {fileID: 4368101801063984, guid: e701c442dd73c844b9f5a0c6ed6e59e1, type: 3}
      propertyPath: m_LocalEulerAnglesHint.z
      value: 0
      objectReference: {fileID: 0}
    - target: {fileID: 4368101801063984, guid: e701c442dd73c844b9f5a0c6ed6e59e1, type: 3}
      propertyPath: m_LocalScale.x
      value: 0.43
      objectReference: {fileID: 0}
    - target: {fileID: 4368101801063984, guid: e701c442dd73c844b9f5a0c6ed6e59e1, type: 3}
      propertyPath: m_LocalScale.y
      value: 0.43
      objectReference: {fileID: 0}
    - target: {fileID: 4368101801063984, guid: e701c442dd73c844b9f5a0c6ed6e59e1, type: 3}
      propertyPath: m_LocalScale.z
      value: 0.43
      objectReference: {fileID: 0}
    m_RemovedComponents: []
  m_SourcePrefab: {fileID: 100100000, guid: e701c442dd73c844b9f5a0c6ed6e59e1, type: 3}
--- !u!1001 &965764576
PrefabInstance:
  m_ObjectHideFlags: 0
  serializedVersion: 2
  m_Modification:
    m_TransformParent: {fileID: 0}
    m_Modifications:
    - target: {fileID: 1404747353185902, guid: a5ab52c5408d7e0499ce5e019116f6e3, type: 3}
      propertyPath: m_Name
      value: tabel
      objectReference: {fileID: 0}
    - target: {fileID: 4227452807683920, guid: a5ab52c5408d7e0499ce5e019116f6e3, type: 3}
      propertyPath: m_LocalPosition.x
      value: 11.08
      objectReference: {fileID: 0}
    - target: {fileID: 4227452807683920, guid: a5ab52c5408d7e0499ce5e019116f6e3, type: 3}
      propertyPath: m_LocalPosition.y
      value: 0
      objectReference: {fileID: 0}
    - target: {fileID: 4227452807683920, guid: a5ab52c5408d7e0499ce5e019116f6e3, type: 3}
      propertyPath: m_LocalPosition.z
      value: 8.56
      objectReference: {fileID: 0}
    - target: {fileID: 4227452807683920, guid: a5ab52c5408d7e0499ce5e019116f6e3, type: 3}
      propertyPath: m_LocalRotation.x
      value: -0
      objectReference: {fileID: 0}
    - target: {fileID: 4227452807683920, guid: a5ab52c5408d7e0499ce5e019116f6e3, type: 3}
      propertyPath: m_LocalRotation.y
      value: -0
      objectReference: {fileID: 0}
    - target: {fileID: 4227452807683920, guid: a5ab52c5408d7e0499ce5e019116f6e3, type: 3}
      propertyPath: m_LocalRotation.z
      value: -0
      objectReference: {fileID: 0}
    - target: {fileID: 4227452807683920, guid: a5ab52c5408d7e0499ce5e019116f6e3, type: 3}
      propertyPath: m_LocalRotation.w
      value: 1
      objectReference: {fileID: 0}
    - target: {fileID: 4227452807683920, guid: a5ab52c5408d7e0499ce5e019116f6e3, type: 3}
      propertyPath: m_RootOrder
      value: 4
      objectReference: {fileID: 0}
    - target: {fileID: 4227452807683920, guid: a5ab52c5408d7e0499ce5e019116f6e3, type: 3}
      propertyPath: m_LocalEulerAnglesHint.x
      value: 0
      objectReference: {fileID: 0}
    - target: {fileID: 4227452807683920, guid: a5ab52c5408d7e0499ce5e019116f6e3, type: 3}
      propertyPath: m_LocalEulerAnglesHint.y
      value: 0
      objectReference: {fileID: 0}
    - target: {fileID: 4227452807683920, guid: a5ab52c5408d7e0499ce5e019116f6e3, type: 3}
      propertyPath: m_LocalEulerAnglesHint.z
      value: 0
      objectReference: {fileID: 0}
    - target: {fileID: 4227452807683920, guid: a5ab52c5408d7e0499ce5e019116f6e3, type: 3}
      propertyPath: m_LocalScale.x
      value: 0.6082527
      objectReference: {fileID: 0}
    - target: {fileID: 4227452807683920, guid: a5ab52c5408d7e0499ce5e019116f6e3, type: 3}
      propertyPath: m_LocalScale.y
      value: 0.6082527
      objectReference: {fileID: 0}
    - target: {fileID: 4227452807683920, guid: a5ab52c5408d7e0499ce5e019116f6e3, type: 3}
      propertyPath: m_LocalScale.z
      value: 0.6082527
      objectReference: {fileID: 0}
    m_RemovedComponents: []
  m_SourcePrefab: {fileID: 100100000, guid: a5ab52c5408d7e0499ce5e019116f6e3, type: 3}
--- !u!1 &1036192669
GameObject:
  m_ObjectHideFlags: 0
  m_CorrespondingSourceObject: {fileID: 0}
  m_PrefabInstance: {fileID: 0}
  m_PrefabAsset: {fileID: 0}
  serializedVersion: 6
  m_Component:
  - component: {fileID: 1036192671}
  - component: {fileID: 1036192670}
  m_Layer: 0
  m_Name: Directional Light
  m_TagString: Untagged
  m_Icon: {fileID: 0}
  m_NavMeshLayer: 0
  m_StaticEditorFlags: 0
  m_IsActive: 1
--- !u!108 &1036192670
Light:
  m_ObjectHideFlags: 0
  m_CorrespondingSourceObject: {fileID: 0}
  m_PrefabInstance: {fileID: 0}
  m_PrefabAsset: {fileID: 0}
  m_GameObject: {fileID: 1036192669}
  m_Enabled: 1
  serializedVersion: 10
  m_Type: 1
  m_Shape: 0
  m_Color: {r: 1, g: 0.95686275, b: 0.8392157, a: 1}
  m_Intensity: 1
  m_Range: 10
  m_SpotAngle: 30
  m_InnerSpotAngle: 21.80208
  m_CookieSize: 10
  m_Shadows:
    m_Type: 2
    m_Resolution: -1
    m_CustomResolution: -1
    m_Strength: 1
    m_Bias: 0.05
    m_NormalBias: 0.4
    m_NearPlane: 0.2
    m_CullingMatrixOverride:
      e00: 1
      e01: 0
      e02: 0
      e03: 0
      e10: 0
      e11: 1
      e12: 0
      e13: 0
      e20: 0
      e21: 0
      e22: 1
      e23: 0
      e30: 0
      e31: 0
      e32: 0
      e33: 1
    m_UseCullingMatrixOverride: 0
  m_Cookie: {fileID: 0}
  m_DrawHalo: 0
  m_Flare: {fileID: 0}
  m_RenderMode: 0
  m_CullingMask:
    serializedVersion: 2
    m_Bits: 4294967295
  m_RenderingLayerMask: 1
  m_Lightmapping: 4
  m_LightShadowCasterMode: 0
  m_AreaSize: {x: 1, y: 1}
  m_BounceIntensity: 1
  m_ColorTemperature: 6570
  m_UseColorTemperature: 0
  m_BoundingSphereOverride: {x: 0, y: 0, z: 0, w: 0}
  m_UseBoundingSphereOverride: 0
  m_ShadowRadius: 0
  m_ShadowAngle: 0
--- !u!4 &1036192671
Transform:
  m_ObjectHideFlags: 0
  m_CorrespondingSourceObject: {fileID: 0}
  m_PrefabInstance: {fileID: 0}
  m_PrefabAsset: {fileID: 0}
  m_GameObject: {fileID: 1036192669}
  m_LocalRotation: {x: 0.40821788, y: -0.23456968, z: 0.10938163, w: 0.8754261}
  m_LocalPosition: {x: 0, y: 3, z: 0}
  m_LocalScale: {x: 1, y: 1, z: 1}
  m_Children: []
  m_Father: {fileID: 0}
  m_RootOrder: 6
  m_LocalEulerAnglesHint: {x: 50, y: -30, z: 0}
--- !u!1001 &1047188368
PrefabInstance:
  m_ObjectHideFlags: 0
  serializedVersion: 2
  m_Modification:
    m_TransformParent: {fileID: 0}
    m_Modifications:
    - target: {fileID: 1000013262309610, guid: 2673f98c03dd6fc4fb284878918cdc5f, type: 3}
      propertyPath: m_Name
      value: lib
      objectReference: {fileID: 0}
    - target: {fileID: 1000013262309610, guid: 2673f98c03dd6fc4fb284878918cdc5f, type: 3}
      propertyPath: m_IsActive
      value: 1
      objectReference: {fileID: 0}
    - target: {fileID: 4000013466730172, guid: 2673f98c03dd6fc4fb284878918cdc5f, type: 3}
      propertyPath: m_LocalPosition.x
      value: 2.09
      objectReference: {fileID: 0}
    - target: {fileID: 4000013466730172, guid: 2673f98c03dd6fc4fb284878918cdc5f, type: 3}
      propertyPath: m_LocalPosition.y
      value: 0
      objectReference: {fileID: 0}
    - target: {fileID: 4000013466730172, guid: 2673f98c03dd6fc4fb284878918cdc5f, type: 3}
      propertyPath: m_LocalPosition.z
      value: 6.89
      objectReference: {fileID: 0}
    - target: {fileID: 4000013466730172, guid: 2673f98c03dd6fc4fb284878918cdc5f, type: 3}
      propertyPath: m_LocalRotation.x
      value: 0
      objectReference: {fileID: 0}
    - target: {fileID: 4000013466730172, guid: 2673f98c03dd6fc4fb284878918cdc5f, type: 3}
      propertyPath: m_LocalRotation.y
      value: 0
      objectReference: {fileID: 0}
    - target: {fileID: 4000013466730172, guid: 2673f98c03dd6fc4fb284878918cdc5f, type: 3}
      propertyPath: m_LocalRotation.z
      value: 0
      objectReference: {fileID: 0}
    - target: {fileID: 4000013466730172, guid: 2673f98c03dd6fc4fb284878918cdc5f, type: 3}
      propertyPath: m_LocalRotation.w
      value: 1
      objectReference: {fileID: 0}
    - target: {fileID: 4000013466730172, guid: 2673f98c03dd6fc4fb284878918cdc5f, type: 3}
      propertyPath: m_RootOrder
      value: 5
      objectReference: {fileID: 0}
    - target: {fileID: 4000013466730172, guid: 2673f98c03dd6fc4fb284878918cdc5f, type: 3}
      propertyPath: m_LocalEulerAnglesHint.x
      value: 0
      objectReference: {fileID: 0}
    - target: {fileID: 4000013466730172, guid: 2673f98c03dd6fc4fb284878918cdc5f, type: 3}
      propertyPath: m_LocalEulerAnglesHint.y
      value: 0
      objectReference: {fileID: 0}
    - target: {fileID: 4000013466730172, guid: 2673f98c03dd6fc4fb284878918cdc5f, type: 3}
      propertyPath: m_LocalEulerAnglesHint.z
      value: 0
      objectReference: {fileID: 0}
    - target: {fileID: 4000013466730172, guid: 2673f98c03dd6fc4fb284878918cdc5f, type: 3}
      propertyPath: m_LocalScale.x
      value: 150
      objectReference: {fileID: 0}
    - target: {fileID: 4000013466730172, guid: 2673f98c03dd6fc4fb284878918cdc5f, type: 3}
      propertyPath: m_LocalScale.y
      value: 150
      objectReference: {fileID: 0}
    - target: {fileID: 4000013466730172, guid: 2673f98c03dd6fc4fb284878918cdc5f, type: 3}
      propertyPath: m_LocalScale.z
      value: 150
      objectReference: {fileID: 0}
    m_RemovedComponents: []
  m_SourcePrefab: {fileID: 100100000, guid: 2673f98c03dd6fc4fb284878918cdc5f, type: 3}
--- !u!43 &1233086480
Mesh:
  m_ObjectHideFlags: 0
  m_CorrespondingSourceObject: {fileID: 0}
  m_PrefabInstance: {fileID: 0}
  m_PrefabAsset: {fileID: 0}
  m_Name: pb_Mesh24960
  serializedVersion: 10
  m_SubMeshes:
  - serializedVersion: 2
    firstByte: 0
    indexCount: 36
    topology: 0
    baseVertex: 0
    firstVertex: 0
    vertexCount: 24
    localAABB:
      m_Center: {x: 0, y: 0, z: 0}
      m_Extent: {x: 0, y: 0, z: 0}
  m_Shapes:
    vertices: []
    shapes: []
    channels: []
    fullWeights: []
  m_BindPose: []
  m_BoneNameHashes: 
  m_RootBoneNameHash: 0
  m_BonesAABB: []
  m_VariableBoneCountWeights:
    m_Data: 
  m_MeshCompression: 0
  m_IsReadable: 1
  m_KeepVertices: 1
  m_KeepIndices: 1
  m_IndexFormat: 0
  m_IndexBuffer: 000001000200010003000200040005000600050007000600080009000a0009000b000a000c000d000e000d000f000e00100011001200110013001200140015001600150017001600
  m_VertexData:
    serializedVersion: 3
    m_VertexCount: 24
    m_Channels:
    - stream: 0
      offset: 0
      format: 0
      dimension: 3
    - stream: 0
      offset: 12
      format: 0
      dimension: 3
    - stream: 0
      offset: 24
      format: 0
      dimension: 4
    - stream: 0
      offset: 0
      format: 0
      dimension: 0
    - stream: 0
      offset: 40
      format: 0
      dimension: 2
    - stream: 0
      offset: 0
      format: 0
      dimension: 0
    - stream: 0
      offset: 0
      format: 0
      dimension: 0
    - stream: 0
      offset: 0
      format: 0
      dimension: 0
    - stream: 0
      offset: 0
      format: 0
      dimension: 0
    - stream: 0
      offset: 0
      format: 0
      dimension: 0
    - stream: 0
      offset: 0
      format: 0
      dimension: 0
    - stream: 0
      offset: 0
      format: 0
      dimension: 0
    - stream: 0
      offset: 0
      format: 0
      dimension: 0
    - stream: 0
      offset: 0
      format: 0
      dimension: 0
    m_DataSize: 1152
    _typelessdata: 000020400000000000000000000000000000803f000000000000803f0000000000000000000080bf0000204000000000000020400000000000002040000000000000803f000000000000803f0000000000000000000080bf00002040000020400000a0400000000000000000000000000000803f000000000000803f0000000000000000000080bf0000a040000000000000a0400000000000002040000000000000803f000000000000803f0000000000000000000080bf0000a04000002040000020400000000000002040000000000000803f000000000000803f0000000000000000000080bf000020400000204000002040000000000000a040000000000000803f000000000000803f0000000000000000000080bf000020400000a0400000a0400000000000002040000000000000803f000000000000803f0000000000000000000080bf0000a040000020400000a040000000000000a040000000000000803f000000000000803f0000000000000000000080bf0000a0400000a0400000a0400000000000000000000000000000803f000000000000803f0000000000000000000080bf0000a040000000000000a0400000000000002040000000000000803f000000000000803f0000000000000000000080bf0000a040000020400000f0400000000000000000000000000000803f000000000000803f0000000000000000000080bf0000f04000000000fcffef400000000008002040000000000000803f000000000000803f0000000000000000000080bffcffef40080020400000a0400000000000002040000000000000803f000000000000803f0000000000000000000080bf0000a040000020400000a040000000000000a040000000000000803f000000000000803f0000000000000000000080bf0000a0400000a040fcffef400000000008002040000000000000803f000000000000803f0000000000000000000080bffcffef40080020400000f040000000000000a040000000000000803f000000000000803f0000000000000000000080bf0000f0400000a0400000f0400000000000000000000000000000803f000000000000803f0000000000000000000080bf0000f04000000000fcffef400000000008002040000000000000803f000000000000803f0000000000000000000080bffcffef4008002040000020410000000000000000000000000000803f000000000000803f0000000000000000000080bf0000204100000000000020410000000000002040000000000000803f000000000000803f0000000000000000000080bf0000204100002040fcffef400000000008002040000000000000803f000000000000803f0000000000000000000080bffcffef40080020400000f040000000000000a040000000000000803f000000000000803f0000000000000000000080bf0000f0400000a040000020410000000000002040000000000000803f000000000000803f0000000000000000000080bf000020410000204000002041000000000000a040000000000000803f000000000000803f0000000000000000000080bf000020410000a040
  m_CompressedMesh:
    m_Vertices:
      m_NumItems: 0
      m_Range: 0
      m_Start: 0
      m_Data: 
      m_BitSize: 0
    m_UV:
      m_NumItems: 0
      m_Range: 0
      m_Start: 0
      m_Data: 
      m_BitSize: 0
    m_Normals:
      m_NumItems: 0
      m_Range: 0
      m_Start: 0
      m_Data: 
      m_BitSize: 0
    m_Tangents:
      m_NumItems: 0
      m_Range: 0
      m_Start: 0
      m_Data: 
      m_BitSize: 0
    m_Weights:
      m_NumItems: 0
      m_Data: 
      m_BitSize: 0
    m_NormalSigns:
      m_NumItems: 0
      m_Data: 
      m_BitSize: 0
    m_TangentSigns:
      m_NumItems: 0
      m_Data: 
      m_BitSize: 0
    m_FloatColors:
      m_NumItems: 0
      m_Range: 0
      m_Start: 0
      m_Data: 
      m_BitSize: 0
    m_BoneIndices:
      m_NumItems: 0
      m_Data: 
      m_BitSize: 0
    m_Triangles:
      m_NumItems: 0
      m_Data: 
      m_BitSize: 0
    m_UVInfo: 0
  m_LocalAABB:
    m_Center: {x: 6.25, y: 0, z: 2.5}
    m_Extent: {x: 3.75, y: 0, z: 2.5}
  m_MeshUsageFlags: 0
  m_BakedConvexCollisionMesh: 
  m_BakedTriangleCollisionMesh: 
  m_MeshMetrics[0]: 1
  m_MeshMetrics[1]: 1
  m_MeshOptimizationFlags: 1
  m_StreamData:
    offset: 0
    size: 0
    path: 
--- !u!1 &1592211555
GameObject:
  m_ObjectHideFlags: 0
  m_CorrespondingSourceObject: {fileID: 0}
  m_PrefabInstance: {fileID: 0}
  m_PrefabAsset: {fileID: 0}
  serializedVersion: 6
  m_Component:
  - component: {fileID: 1592211558}
  - component: {fileID: 1592211557}
  - component: {fileID: 1592211556}
  m_Layer: 0
  m_Name: Main Camera
  m_TagString: MainCamera
  m_Icon: {fileID: 0}
  m_NavMeshLayer: 0
  m_StaticEditorFlags: 0
  m_IsActive: 0
--- !u!81 &1592211556
AudioListener:
  m_ObjectHideFlags: 0
  m_CorrespondingSourceObject: {fileID: 0}
  m_PrefabInstance: {fileID: 0}
  m_PrefabAsset: {fileID: 0}
  m_GameObject: {fileID: 1592211555}
  m_Enabled: 1
--- !u!20 &1592211557
Camera:
  m_ObjectHideFlags: 0
  m_CorrespondingSourceObject: {fileID: 0}
  m_PrefabInstance: {fileID: 0}
  m_PrefabAsset: {fileID: 0}
  m_GameObject: {fileID: 1592211555}
  m_Enabled: 1
  serializedVersion: 2
  m_ClearFlags: 1
  m_BackGroundColor: {r: 0.19215687, g: 0.3019608, b: 0.4745098, a: 0}
  m_projectionMatrixMode: 1
  m_GateFitMode: 2
  m_FOVAxisMode: 0
  m_SensorSize: {x: 36, y: 24}
  m_LensShift: {x: 0, y: 0}
  m_FocalLength: 50
  m_NormalizedViewPortRect:
    serializedVersion: 2
    x: 0
    y: 0
    width: 1
    height: 1
  near clip plane: 0.3
  far clip plane: 1000
  field of view: 60
  orthographic: 0
  orthographic size: 5
  m_Depth: -1
  m_CullingMask:
    serializedVersion: 2
    m_Bits: 4294967295
  m_RenderingPath: -1
  m_TargetTexture: {fileID: 0}
  m_TargetDisplay: 0
  m_TargetEye: 3
  m_HDR: 1
  m_AllowMSAA: 1
  m_AllowDynamicResolution: 0
  m_ForceIntoRT: 0
  m_OcclusionCulling: 1
  m_StereoConvergence: 10
  m_StereoSeparation: 0.022
--- !u!4 &1592211558
Transform:
  m_ObjectHideFlags: 0
  m_CorrespondingSourceObject: {fileID: 0}
  m_PrefabInstance: {fileID: 0}
  m_PrefabAsset: {fileID: 0}
  m_GameObject: {fileID: 1592211555}
  m_LocalRotation: {x: 0, y: 0, z: 0, w: 1}
  m_LocalPosition: {x: 0, y: 1, z: -10}
  m_LocalScale: {x: 1, y: 1, z: 1}
  m_Children: []
  m_Father: {fileID: 0}
  m_RootOrder: 0
  m_LocalEulerAnglesHint: {x: 0, y: 0, z: 0}
--- !u!1001 &1725529775
PrefabInstance:
  m_ObjectHideFlags: 0
  serializedVersion: 2
  m_Modification:
    m_TransformParent: {fileID: 0}
    m_Modifications:
    - target: {fileID: 1019396906300210, guid: e701c442dd73c844b9f5a0c6ed6e59e1, type: 3}
      propertyPath: m_Name
      value: bookcase (13)
      objectReference: {fileID: 0}
    - target: {fileID: 4368101801063984, guid: e701c442dd73c844b9f5a0c6ed6e59e1, type: 3}
      propertyPath: m_LocalPosition.x
      value: 2.51
      objectReference: {fileID: 0}
    - target: {fileID: 4368101801063984, guid: e701c442dd73c844b9f5a0c6ed6e59e1, type: 3}
      propertyPath: m_LocalPosition.y
      value: 0.04
      objectReference: {fileID: 0}
    - target: {fileID: 4368101801063984, guid: e701c442dd73c844b9f5a0c6ed6e59e1, type: 3}
      propertyPath: m_LocalPosition.z
      value: 9.6
      objectReference: {fileID: 0}
    - target: {fileID: 4368101801063984, guid: e701c442dd73c844b9f5a0c6ed6e59e1, type: 3}
      propertyPath: m_LocalRotation.x
      value: 0
      objectReference: {fileID: 0}
    - target: {fileID: 4368101801063984, guid: e701c442dd73c844b9f5a0c6ed6e59e1, type: 3}
      propertyPath: m_LocalRotation.y
      value: -0.7071068
      objectReference: {fileID: 0}
    - target: {fileID: 4368101801063984, guid: e701c442dd73c844b9f5a0c6ed6e59e1, type: 3}
      propertyPath: m_LocalRotation.z
      value: 0
      objectReference: {fileID: 0}
    - target: {fileID: 4368101801063984, guid: e701c442dd73c844b9f5a0c6ed6e59e1, type: 3}
      propertyPath: m_LocalRotation.w
      value: 0.7071068
      objectReference: {fileID: 0}
    - target: {fileID: 4368101801063984, guid: e701c442dd73c844b9f5a0c6ed6e59e1, type: 3}
      propertyPath: m_RootOrder
      value: 15
      objectReference: {fileID: 0}
    - target: {fileID: 4368101801063984, guid: e701c442dd73c844b9f5a0c6ed6e59e1, type: 3}
      propertyPath: m_LocalEulerAnglesHint.x
      value: 0
      objectReference: {fileID: 0}
    - target: {fileID: 4368101801063984, guid: e701c442dd73c844b9f5a0c6ed6e59e1, type: 3}
      propertyPath: m_LocalEulerAnglesHint.y
      value: -90
      objectReference: {fileID: 0}
    - target: {fileID: 4368101801063984, guid: e701c442dd73c844b9f5a0c6ed6e59e1, type: 3}
      propertyPath: m_LocalEulerAnglesHint.z
      value: 0
      objectReference: {fileID: 0}
    - target: {fileID: 4368101801063984, guid: e701c442dd73c844b9f5a0c6ed6e59e1, type: 3}
      propertyPath: m_LocalScale.x
      value: 0.43
      objectReference: {fileID: 0}
    - target: {fileID: 4368101801063984, guid: e701c442dd73c844b9f5a0c6ed6e59e1, type: 3}
      propertyPath: m_LocalScale.y
      value: 0.43
      objectReference: {fileID: 0}
    - target: {fileID: 4368101801063984, guid: e701c442dd73c844b9f5a0c6ed6e59e1, type: 3}
      propertyPath: m_LocalScale.z
      value: 0.43
      objectReference: {fileID: 0}
    m_RemovedComponents: []
  m_SourcePrefab: {fileID: 100100000, guid: e701c442dd73c844b9f5a0c6ed6e59e1, type: 3}
--- !u!1001 &1781422856
PrefabInstance:
  m_ObjectHideFlags: 0
  serializedVersion: 2
  m_Modification:
    m_TransformParent: {fileID: 0}
    m_Modifications:
    - target: {fileID: 1019396906300210, guid: e701c442dd73c844b9f5a0c6ed6e59e1, type: 3}
      propertyPath: m_Name
      value: bookcase (7)
      objectReference: {fileID: 0}
    - target: {fileID: 4368101801063984, guid: e701c442dd73c844b9f5a0c6ed6e59e1, type: 3}
      propertyPath: m_LocalPosition.x
      value: 6.88
      objectReference: {fileID: 0}
    - target: {fileID: 4368101801063984, guid: e701c442dd73c844b9f5a0c6ed6e59e1, type: 3}
      propertyPath: m_LocalPosition.y
      value: 0.04
      objectReference: {fileID: 0}
    - target: {fileID: 4368101801063984, guid: e701c442dd73c844b9f5a0c6ed6e59e1, type: 3}
      propertyPath: m_LocalPosition.z
      value: 7.916
      objectReference: {fileID: 0}
    - target: {fileID: 4368101801063984, guid: e701c442dd73c844b9f5a0c6ed6e59e1, type: 3}
      propertyPath: m_LocalRotation.x
      value: 0
      objectReference: {fileID: 0}
    - target: {fileID: 4368101801063984, guid: e701c442dd73c844b9f5a0c6ed6e59e1, type: 3}
      propertyPath: m_LocalRotation.y
      value: 0.7071068
      objectReference: {fileID: 0}
    - target: {fileID: 4368101801063984, guid: e701c442dd73c844b9f5a0c6ed6e59e1, type: 3}
      propertyPath: m_LocalRotation.z
      value: 0
      objectReference: {fileID: 0}
    - target: {fileID: 4368101801063984, guid: e701c442dd73c844b9f5a0c6ed6e59e1, type: 3}
      propertyPath: m_LocalRotation.w
      value: 0.7071068
      objectReference: {fileID: 0}
    - target: {fileID: 4368101801063984, guid: e701c442dd73c844b9f5a0c6ed6e59e1, type: 3}
      propertyPath: m_RootOrder
      value: 11
      objectReference: {fileID: 0}
    - target: {fileID: 4368101801063984, guid: e701c442dd73c844b9f5a0c6ed6e59e1, type: 3}
      propertyPath: m_LocalEulerAnglesHint.x
      value: 0
      objectReference: {fileID: 0}
    - target: {fileID: 4368101801063984, guid: e701c442dd73c844b9f5a0c6ed6e59e1, type: 3}
      propertyPath: m_LocalEulerAnglesHint.y
      value: 90
      objectReference: {fileID: 0}
    - target: {fileID: 4368101801063984, guid: e701c442dd73c844b9f5a0c6ed6e59e1, type: 3}
      propertyPath: m_LocalEulerAnglesHint.z
      value: 0
      objectReference: {fileID: 0}
    - target: {fileID: 4368101801063984, guid: e701c442dd73c844b9f5a0c6ed6e59e1, type: 3}
      propertyPath: m_LocalScale.x
      value: 0.43
      objectReference: {fileID: 0}
    - target: {fileID: 4368101801063984, guid: e701c442dd73c844b9f5a0c6ed6e59e1, type: 3}
      propertyPath: m_LocalScale.y
      value: 0.43
      objectReference: {fileID: 0}
    - target: {fileID: 4368101801063984, guid: e701c442dd73c844b9f5a0c6ed6e59e1, type: 3}
      propertyPath: m_LocalScale.z
      value: 0.43
      objectReference: {fileID: 0}
    m_RemovedComponents: []
  m_SourcePrefab: {fileID: 100100000, guid: e701c442dd73c844b9f5a0c6ed6e59e1, type: 3}
--- !u!1001 &1787905343
PrefabInstance:
  m_ObjectHideFlags: 0
  serializedVersion: 2
  m_Modification:
    m_TransformParent: {fileID: 0}
    m_Modifications:
    - target: {fileID: 1019396906300210, guid: e701c442dd73c844b9f5a0c6ed6e59e1, type: 3}
      propertyPath: m_Name
      value: bookcase (9)
      objectReference: {fileID: 0}
    - target: {fileID: 4368101801063984, guid: e701c442dd73c844b9f5a0c6ed6e59e1, type: 3}
      propertyPath: m_LocalPosition.x
      value: 5.44
      objectReference: {fileID: 0}
    - target: {fileID: 4368101801063984, guid: e701c442dd73c844b9f5a0c6ed6e59e1, type: 3}
      propertyPath: m_LocalPosition.y
      value: 0.04
      objectReference: {fileID: 0}
    - target: {fileID: 4368101801063984, guid: e701c442dd73c844b9f5a0c6ed6e59e1, type: 3}
      propertyPath: m_LocalPosition.z
      value: 7.916
      objectReference: {fileID: 0}
    - target: {fileID: 4368101801063984, guid: e701c442dd73c844b9f5a0c6ed6e59e1, type: 3}
      propertyPath: m_LocalRotation.x
      value: 0
      objectReference: {fileID: 0}
    - target: {fileID: 4368101801063984, guid: e701c442dd73c844b9f5a0c6ed6e59e1, type: 3}
      propertyPath: m_LocalRotation.y
      value: -0.7071068
      objectReference: {fileID: 0}
    - target: {fileID: 4368101801063984, guid: e701c442dd73c844b9f5a0c6ed6e59e1, type: 3}
      propertyPath: m_LocalRotation.z
      value: 0
      objectReference: {fileID: 0}
    - target: {fileID: 4368101801063984, guid: e701c442dd73c844b9f5a0c6ed6e59e1, type: 3}
      propertyPath: m_LocalRotation.w
      value: 0.7071068
      objectReference: {fileID: 0}
    - target: {fileID: 4368101801063984, guid: e701c442dd73c844b9f5a0c6ed6e59e1, type: 3}
      propertyPath: m_RootOrder
      value: 13
      objectReference: {fileID: 0}
    - target: {fileID: 4368101801063984, guid: e701c442dd73c844b9f5a0c6ed6e59e1, type: 3}
      propertyPath: m_LocalEulerAnglesHint.x
      value: 0
      objectReference: {fileID: 0}
    - target: {fileID: 4368101801063984, guid: e701c442dd73c844b9f5a0c6ed6e59e1, type: 3}
      propertyPath: m_LocalEulerAnglesHint.y
      value: -90
      objectReference: {fileID: 0}
    - target: {fileID: 4368101801063984, guid: e701c442dd73c844b9f5a0c6ed6e59e1, type: 3}
      propertyPath: m_LocalEulerAnglesHint.z
      value: 0
      objectReference: {fileID: 0}
    - target: {fileID: 4368101801063984, guid: e701c442dd73c844b9f5a0c6ed6e59e1, type: 3}
      propertyPath: m_LocalScale.x
      value: 0.43
      objectReference: {fileID: 0}
    - target: {fileID: 4368101801063984, guid: e701c442dd73c844b9f5a0c6ed6e59e1, type: 3}
      propertyPath: m_LocalScale.y
      value: 0.43
      objectReference: {fileID: 0}
    - target: {fileID: 4368101801063984, guid: e701c442dd73c844b9f5a0c6ed6e59e1, type: 3}
      propertyPath: m_LocalScale.z
      value: 0.43
      objectReference: {fileID: 0}
    m_RemovedComponents: []
  m_SourcePrefab: {fileID: 100100000, guid: e701c442dd73c844b9f5a0c6ed6e59e1, type: 3}
--- !u!1 &1814701739
GameObject:
  m_ObjectHideFlags: 0
  m_CorrespondingSourceObject: {fileID: 0}
  m_PrefabInstance: {fileID: 0}
  m_PrefabAsset: {fileID: 0}
  serializedVersion: 6
  m_Component:
  - component: {fileID: 1814701744}
  - component: {fileID: 1814701743}
  - component: {fileID: 1814701742}
  - component: {fileID: 1814701741}
  - component: {fileID: 1814701740}
  m_Layer: 0
  m_Name: Plane
  m_TagString: Untagged
  m_Icon: {fileID: 0}
  m_NavMeshLayer: 0
  m_StaticEditorFlags: 0
  m_IsActive: 1
--- !u!64 &1814701740
MeshCollider:
  m_ObjectHideFlags: 0
  m_CorrespondingSourceObject: {fileID: 0}
  m_PrefabInstance: {fileID: 0}
  m_PrefabAsset: {fileID: 0}
  m_GameObject: {fileID: 1814701739}
  m_Material: {fileID: 0}
  m_IsTrigger: 0
  m_Enabled: 1
  serializedVersion: 4
  m_Convex: 0
  m_CookingOptions: 30
  m_Mesh: {fileID: 1233086480}
--- !u!33 &1814701741
MeshFilter:
  m_ObjectHideFlags: 10
  m_CorrespondingSourceObject: {fileID: 0}
  m_PrefabInstance: {fileID: 0}
  m_PrefabAsset: {fileID: 0}
  m_GameObject: {fileID: 1814701739}
  m_Mesh: {fileID: 1233086480}
--- !u!23 &1814701742
MeshRenderer:
  m_ObjectHideFlags: 0
  m_CorrespondingSourceObject: {fileID: 0}
  m_PrefabInstance: {fileID: 0}
  m_PrefabAsset: {fileID: 0}
  m_GameObject: {fileID: 1814701739}
  m_Enabled: 1
  m_CastShadows: 1
  m_ReceiveShadows: 1
  m_DynamicOccludee: 1
  m_MotionVectors: 1
  m_LightProbeUsage: 1
  m_ReflectionProbeUsage: 1
  m_RayTracingMode: 2
  m_RenderingLayerMask: 1
  m_RendererPriority: 0
  m_Materials:
  - {fileID: 2100000, guid: 1a2fda86054f9431f92a0b175355401a, type: 2}
  m_StaticBatchInfo:
    firstSubMesh: 0
    subMeshCount: 0
  m_StaticBatchRoot: {fileID: 0}
  m_ProbeAnchor: {fileID: 0}
  m_LightProbeVolumeOverride: {fileID: 0}
  m_ScaleInLightmap: 1
  m_ReceiveGI: 1
  m_PreserveUVs: 0
  m_IgnoreNormalsForChartDetection: 0
  m_ImportantGI: 0
  m_StitchLightmapSeams: 1
  m_SelectedEditorRenderState: 2
  m_MinimumChartSize: 4
  m_AutoUVMaxDistance: 0.5
  m_AutoUVMaxAngle: 89
  m_LightmapParameters: {fileID: 0}
  m_SortingLayerID: 0
  m_SortingLayer: 0
  m_SortingOrder: 0
--- !u!114 &1814701743
MonoBehaviour:
  m_ObjectHideFlags: 0
  m_CorrespondingSourceObject: {fileID: 0}
  m_PrefabInstance: {fileID: 0}
  m_PrefabAsset: {fileID: 0}
  m_GameObject: {fileID: 1814701739}
  m_Enabled: 1
  m_EditorHideFlags: 0
  m_Script: {fileID: 11500000, guid: 8233d90336aea43098adf6dbabd606a2, type: 3}
  m_Name: 
  m_EditorClassIdentifier: 
  m_MeshFormatVersion: 1
  m_Faces:
  - m_Indexes: 000000000100000002000000010000000300000002000000
    m_SmoothingGroup: 0
    m_Uv:
      m_UseWorldSpace: 0
      m_FlipU: 0
      m_FlipV: 0
      m_SwapUV: 0
      m_Fill: 1
      m_Scale: {x: 1, y: 1}
      m_Offset: {x: 0, y: 0}
      m_Rotation: 0
      m_Anchor: 9
    m_Material: {fileID: 2100000, guid: c22777d6e868e4f2fb421913386b154e, type: 2}
    m_SubmeshIndex: 0
    m_ManualUV: 0
    elementGroup: 0
    m_TextureGroup: -1
  - m_Indexes: 040000000500000006000000050000000700000006000000
    m_SmoothingGroup: 0
    m_Uv:
      m_UseWorldSpace: 0
      m_FlipU: 0
      m_FlipV: 0
      m_SwapUV: 0
      m_Fill: 1
      m_Scale: {x: 1, y: 1}
      m_Offset: {x: 0, y: 0}
      m_Rotation: 0
      m_Anchor: 9
    m_Material: {fileID: 2100000, guid: c22777d6e868e4f2fb421913386b154e, type: 2}
    m_SubmeshIndex: 0
    m_ManualUV: 0
    elementGroup: 0
    m_TextureGroup: -1
  - m_Indexes: 08000000090000000a000000090000000b0000000a000000
    m_SmoothingGroup: 0
    m_Uv:
      m_UseWorldSpace: 0
      m_FlipU: 0
      m_FlipV: 0
      m_SwapUV: 0
      m_Fill: 1
      m_Scale: {x: 1, y: 1}
      m_Offset: {x: 0, y: 0}
      m_Rotation: 0
      m_Anchor: 9
    m_Material: {fileID: 2100000, guid: c22777d6e868e4f2fb421913386b154e, type: 2}
    m_SubmeshIndex: 0
    m_ManualUV: 0
    elementGroup: 0
    m_TextureGroup: -1
  - m_Indexes: 0c0000000d0000000e0000000d0000000f0000000e000000
    m_SmoothingGroup: 0
    m_Uv:
      m_UseWorldSpace: 0
      m_FlipU: 0
      m_FlipV: 0
      m_SwapUV: 0
      m_Fill: 1
      m_Scale: {x: 1, y: 1}
      m_Offset: {x: 0, y: 0}
      m_Rotation: 0
      m_Anchor: 9
    m_Material: {fileID: 2100000, guid: c22777d6e868e4f2fb421913386b154e, type: 2}
    m_SubmeshIndex: 0
    m_ManualUV: 0
    elementGroup: 0
    m_TextureGroup: -1
  - m_Indexes: 100000001100000012000000110000001300000012000000
    m_SmoothingGroup: 0
    m_Uv:
      m_UseWorldSpace: 0
      m_FlipU: 0
      m_FlipV: 0
      m_SwapUV: 0
      m_Fill: 1
      m_Scale: {x: 1, y: 1}
      m_Offset: {x: 0, y: 0}
      m_Rotation: 0
      m_Anchor: 9
    m_Material: {fileID: 2100000, guid: c22777d6e868e4f2fb421913386b154e, type: 2}
    m_SubmeshIndex: 0
    m_ManualUV: 0
    elementGroup: 0
    m_TextureGroup: -1
  - m_Indexes: 140000001500000016000000150000001700000016000000
    m_SmoothingGroup: 0
    m_Uv:
      m_UseWorldSpace: 0
      m_FlipU: 0
      m_FlipV: 0
      m_SwapUV: 0
      m_Fill: 1
      m_Scale: {x: 1, y: 1}
      m_Offset: {x: 0, y: 0}
      m_Rotation: 0
      m_Anchor: 9
    m_Material: {fileID: 2100000, guid: c22777d6e868e4f2fb421913386b154e, type: 2}
    m_SubmeshIndex: 0
    m_ManualUV: 0
    elementGroup: 0
    m_TextureGroup: -1
  m_SharedVertices:
  - m_Vertices: 00000000
  - m_Vertices: 0100000004000000
  - m_Vertices: 05000000
  - m_Vertices: 0200000008000000
  - m_Vertices: 0300000006000000090000000c000000
  - m_Vertices: 070000000d000000
  - m_Vertices: 0a00000010000000
  - m_Vertices: 0b0000000e0000001100000014000000
  - m_Vertices: 0f00000015000000
  - m_Vertices: 12000000
  - m_Vertices: 1300000016000000
  - m_Vertices: 17000000
  m_SharedTextures: []
  m_Positions:
  - {x: 2.5, y: 0, z: 0}
  - {x: 2.5, y: 0, z: 2.5}
  - {x: 5, y: 0, z: 0}
  - {x: 5, y: 0, z: 2.5}
  - {x: 2.5, y: 0, z: 2.5}
  - {x: 2.5, y: 0, z: 5}
  - {x: 5, y: 0, z: 2.5}
  - {x: 5, y: 0, z: 5}
  - {x: 5, y: 0, z: 0}
  - {x: 5, y: 0, z: 2.5}
  - {x: 7.5, y: 0, z: 0}
  - {x: 7.499998, y: 0, z: 2.500002}
  - {x: 5, y: 0, z: 2.5}
  - {x: 5, y: 0, z: 5}
  - {x: 7.499998, y: 0, z: 2.500002}
  - {x: 7.5, y: 0, z: 5}
  - {x: 7.5, y: 0, z: 0}
  - {x: 7.499998, y: 0, z: 2.500002}
  - {x: 10, y: 0, z: 0}
  - {x: 10, y: 0, z: 2.5}
  - {x: 7.499998, y: 0, z: 2.500002}
  - {x: 7.5, y: 0, z: 5}
  - {x: 10, y: 0, z: 2.5}
  - {x: 10, y: 0, z: 5}
  m_Textures0:
  - {x: 2.5, y: 0}
  - {x: 2.5, y: 2.5}
  - {x: 5, y: 0}
  - {x: 5, y: 2.5}
  - {x: 2.5, y: 2.5}
  - {x: 2.5, y: 5}
  - {x: 5, y: 2.5}
  - {x: 5, y: 5}
  - {x: 5, y: 0}
  - {x: 5, y: 2.5}
  - {x: 7.5, y: 0}
  - {x: 7.499998, y: 2.500002}
  - {x: 5, y: 2.5}
  - {x: 5, y: 5}
  - {x: 7.499998, y: 2.500002}
  - {x: 7.5, y: 5}
  - {x: 7.5, y: 0}
  - {x: 7.499998, y: 2.500002}
  - {x: 10, y: 0}
  - {x: 10, y: 2.5}
  - {x: 7.499998, y: 2.500002}
  - {x: 7.5, y: 5}
  - {x: 10, y: 2.5}
  - {x: 10, y: 5}
  m_Textures2: []
  m_Textures3: []
  m_Tangents:
  - {x: 1, y: 0, z: 0, w: -1}
  - {x: 1, y: 0, z: 0, w: -1}
  - {x: 1, y: 0, z: 0, w: -1}
  - {x: 1, y: 0, z: 0, w: -1}
  - {x: 1, y: 0, z: 0, w: -1}
  - {x: 1, y: 0, z: 0, w: -1}
  - {x: 1, y: 0, z: 0, w: -1}
  - {x: 1, y: 0, z: 0, w: -1}
  - {x: 1, y: 0, z: 0, w: -1}
  - {x: 1, y: 0, z: 0, w: -1}
  - {x: 1, y: 0, z: 0, w: -1}
  - {x: 1, y: 0, z: 0, w: -1}
  - {x: 1, y: 0, z: 0, w: -1}
  - {x: 1, y: 0, z: 0, w: -1}
  - {x: 1, y: 0, z: 0, w: -1}
  - {x: 1, y: 0, z: 0, w: -1}
  - {x: 1, y: 0, z: 0, w: -1}
  - {x: 1, y: 0, z: 0, w: -1}
  - {x: 1, y: 0, z: 0, w: -1}
  - {x: 1, y: 0, z: 0, w: -1}
  - {x: 1, y: 0, z: 0, w: -1}
  - {x: 1, y: 0, z: 0, w: -1}
  - {x: 1, y: 0, z: 0, w: -1}
  - {x: 1, y: 0, z: 0, w: -1}
  m_Colors: []
  m_UnwrapParameters:
    m_HardAngle: 88
    m_PackMargin: 20
    m_AngleError: 8
    m_AreaError: 15
  m_PreserveMeshAssetOnDestroy: 0
  assetGuid: 
  m_Mesh: {fileID: 1233086480}
  m_IsSelectable: 1
  m_SelectedFaces: 
  m_SelectedEdges: []
  m_SelectedVertices: 
--- !u!4 &1814701744
Transform:
  m_ObjectHideFlags: 0
  m_CorrespondingSourceObject: {fileID: 0}
  m_PrefabInstance: {fileID: 0}
  m_PrefabAsset: {fileID: 0}
  m_GameObject: {fileID: 1814701739}
  m_LocalRotation: {x: 0, y: 0, z: 0, w: 1}
  m_LocalPosition: {x: -1.7506, y: 0, z: 6.8005}
  m_LocalScale: {x: 1.5261439, y: 2.1263745, z: 0.82963085}
  m_Children: []
  m_Father: {fileID: 0}
  m_RootOrder: 8
  m_LocalEulerAnglesHint: {x: 0, y: 0, z: 0}
--- !u!1001 &2092246094
PrefabInstance:
  m_ObjectHideFlags: 0
  serializedVersion: 2
  m_Modification:
    m_TransformParent: {fileID: 0}
    m_Modifications:
    - target: {fileID: 1019396906300210, guid: e701c442dd73c844b9f5a0c6ed6e59e1, type: 3}
      propertyPath: m_Name
      value: bookcase (10)
      objectReference: {fileID: 0}
    - target: {fileID: 4368101801063984, guid: e701c442dd73c844b9f5a0c6ed6e59e1, type: 3}
      propertyPath: m_LocalPosition.x
      value: 4.9
      objectReference: {fileID: 0}
    - target: {fileID: 4368101801063984, guid: e701c442dd73c844b9f5a0c6ed6e59e1, type: 3}
      propertyPath: m_LocalPosition.y
      value: 0.04
      objectReference: {fileID: 0}
    - target: {fileID: 4368101801063984, guid: e701c442dd73c844b9f5a0c6ed6e59e1, type: 3}
      propertyPath: m_LocalPosition.z
      value: 7.916
      objectReference: {fileID: 0}
    - target: {fileID: 4368101801063984, guid: e701c442dd73c844b9f5a0c6ed6e59e1, type: 3}
      propertyPath: m_LocalRotation.x
      value: 0
      objectReference: {fileID: 0}
    - target: {fileID: 4368101801063984, guid: e701c442dd73c844b9f5a0c6ed6e59e1, type: 3}
      propertyPath: m_LocalRotation.y
      value: 0.7071068
      objectReference: {fileID: 0}
    - target: {fileID: 4368101801063984, guid: e701c442dd73c844b9f5a0c6ed6e59e1, type: 3}
      propertyPath: m_LocalRotation.z
      value: 0
      objectReference: {fileID: 0}
    - target: {fileID: 4368101801063984, guid: e701c442dd73c844b9f5a0c6ed6e59e1, type: 3}
      propertyPath: m_LocalRotation.w
      value: 0.7071068
      objectReference: {fileID: 0}
    - target: {fileID: 4368101801063984, guid: e701c442dd73c844b9f5a0c6ed6e59e1, type: 3}
      propertyPath: m_RootOrder
      value: 12
      objectReference: {fileID: 0}
    - target: {fileID: 4368101801063984, guid: e701c442dd73c844b9f5a0c6ed6e59e1, type: 3}
      propertyPath: m_LocalEulerAnglesHint.x
      value: 0
      objectReference: {fileID: 0}
    - target: {fileID: 4368101801063984, guid: e701c442dd73c844b9f5a0c6ed6e59e1, type: 3}
      propertyPath: m_LocalEulerAnglesHint.y
      value: 90
      objectReference: {fileID: 0}
    - target: {fileID: 4368101801063984, guid: e701c442dd73c844b9f5a0c6ed6e59e1, type: 3}
      propertyPath: m_LocalEulerAnglesHint.z
      value: 0
      objectReference: {fileID: 0}
    - target: {fileID: 4368101801063984, guid: e701c442dd73c844b9f5a0c6ed6e59e1, type: 3}
      propertyPath: m_LocalScale.x
      value: 0.43
      objectReference: {fileID: 0}
    - target: {fileID: 4368101801063984, guid: e701c442dd73c844b9f5a0c6ed6e59e1, type: 3}
      propertyPath: m_LocalScale.y
      value: 0.43
      objectReference: {fileID: 0}
    - target: {fileID: 4368101801063984, guid: e701c442dd73c844b9f5a0c6ed6e59e1, type: 3}
      propertyPath: m_LocalScale.z
      value: 0.43
      objectReference: {fileID: 0}
    m_RemovedComponents: []
  m_SourcePrefab: {fileID: 100100000, guid: e701c442dd73c844b9f5a0c6ed6e59e1, type: 3}
--- !u!1 &2121617455 stripped
GameObject:
  m_CorrespondingSourceObject: {fileID: 1000013262309610, guid: 2673f98c03dd6fc4fb284878918cdc5f,
    type: 3}
  m_PrefabInstance: {fileID: 1047188368}
  m_PrefabAsset: {fileID: 0}
--- !u!64 &2121617456
MeshCollider:
  m_ObjectHideFlags: 0
  m_CorrespondingSourceObject: {fileID: 0}
  m_PrefabInstance: {fileID: 0}
  m_PrefabAsset: {fileID: 0}
  m_GameObject: {fileID: 2121617455}
  m_Material: {fileID: 0}
  m_IsTrigger: 0
  m_Enabled: 1
  serializedVersion: 4
  m_Convex: 0
  m_CookingOptions: 30
  m_Mesh: {fileID: 4300000, guid: f295d832cb2067745adb03092f43b1e9, type: 3}
