%YAML 1.1
%TAG !u! tag:unity3d.com,2011:
--- !u!29 &1
OcclusionCullingSettings:
  m_ObjectHideFlags: 0
  serializedVersion: 2
  m_OcclusionBakeSettings:
    smallestOccluder: 5
    smallestHole: 0.25
    backfaceThreshold: 100
  m_SceneGUID: 00000000000000000000000000000000
  m_OcclusionCullingData: {fileID: 0}
--- !u!104 &2
RenderSettings:
  m_ObjectHideFlags: 0
  serializedVersion: 9
  m_Fog: 0
  m_FogColor: {r: 0.5, g: 0.5, b: 0.5, a: 1}
  m_FogMode: 3
  m_FogDensity: 0.01
  m_LinearFogStart: 0
  m_LinearFogEnd: 300
  m_AmbientSkyColor: {r: 0.212, g: 0.227, b: 0.259, a: 1}
  m_AmbientEquatorColor: {r: 0.114, g: 0.125, b: 0.133, a: 1}
  m_AmbientGroundColor: {r: 0.047, g: 0.043, b: 0.035, a: 1}
  m_AmbientIntensity: 1
  m_AmbientMode: 0
  m_SubtractiveShadowColor: {r: 0.42, g: 0.478, b: 0.627, a: 1}
  m_SkyboxMaterial: {fileID: 10304, guid: 0000000000000000f000000000000000, type: 0}
  m_HaloStrength: 0.5
  m_FlareStrength: 1
  m_FlareFadeSpeed: 3
  m_HaloTexture: {fileID: 0}
  m_SpotCookie: {fileID: 10001, guid: 0000000000000000e000000000000000, type: 0}
  m_DefaultReflectionMode: 0
  m_DefaultReflectionResolution: 128
  m_ReflectionBounces: 1
  m_ReflectionIntensity: 1
  m_CustomReflection: {fileID: 0}
  m_Sun: {fileID: 0}
  m_IndirectSpecularColor: {r: 0.44657898, g: 0.4964133, b: 0.5748178, a: 1}
  m_UseRadianceAmbientProbe: 0
--- !u!157 &3
LightmapSettings:
  m_ObjectHideFlags: 0
  serializedVersion: 11
  m_GIWorkflowMode: 1
  m_GISettings:
    serializedVersion: 2
    m_BounceScale: 1
    m_IndirectOutputScale: 1
    m_AlbedoBoost: 1
    m_EnvironmentLightingMode: 0
    m_EnableBakedLightmaps: 1
    m_EnableRealtimeLightmaps: 0
  m_LightmapEditorSettings:
    serializedVersion: 12
    m_Resolution: 2
    m_BakeResolution: 40
    m_AtlasSize: 1024
    m_AO: 0
    m_AOMaxDistance: 1
    m_CompAOExponent: 1
    m_CompAOExponentDirect: 0
    m_ExtractAmbientOcclusion: 0
    m_Padding: 2
    m_LightmapParameters: {fileID: 0}
    m_LightmapsBakeMode: 1
    m_TextureCompression: 1
    m_FinalGather: 0
    m_FinalGatherFiltering: 1
    m_FinalGatherRayCount: 256
    m_ReflectionCompression: 2
    m_MixedBakeMode: 2
    m_BakeBackend: 2
    m_PVRSampling: 1
    m_PVRDirectSampleCount: 32
    m_PVRSampleCount: 512
    m_PVRBounces: 2
    m_PVREnvironmentSampleCount: 256
    m_PVREnvironmentReferencePointCount: 2048
    m_PVRFilteringMode: 1
    m_PVRDenoiserTypeDirect: 1
    m_PVRDenoiserTypeIndirect: 1
    m_PVRDenoiserTypeAO: 1
    m_PVRFilterTypeDirect: 0
    m_PVRFilterTypeIndirect: 0
    m_PVRFilterTypeAO: 0
    m_PVREnvironmentMIS: 1
    m_PVRCulling: 1
    m_PVRFilteringGaussRadiusDirect: 1
    m_PVRFilteringGaussRadiusIndirect: 5
    m_PVRFilteringGaussRadiusAO: 2
    m_PVRFilteringAtrousPositionSigmaDirect: 0.5
    m_PVRFilteringAtrousPositionSigmaIndirect: 2
    m_PVRFilteringAtrousPositionSigmaAO: 1
    m_ExportTrainingData: 0
    m_TrainingDataDestination: TrainingData
    m_LightProbeSampleCountMultiplier: 4
  m_LightingDataAsset: {fileID: 112000000, guid: a0b9c9276fe57904c9a0d7475a19309a,
    type: 2}
  m_UseShadowmask: 1
--- !u!196 &4
NavMeshSettings:
  serializedVersion: 2
  m_ObjectHideFlags: 0
  m_BuildSettings:
    serializedVersion: 2
    agentTypeID: 0
    agentRadius: 0.5
    agentHeight: 2
    agentSlope: 45
    agentClimb: 0.4
    ledgeDropHeight: 0
    maxJumpAcrossDistance: 0
    minRegionArea: 2
    manualCellSize: 0
    cellSize: 0.16666667
    manualTileSize: 0
    tileSize: 256
    accuratePlacement: 0
    debug:
      m_Flags: 0
  m_NavMeshData: {fileID: 0}
--- !u!1001 &67224515
PrefabInstance:
  m_ObjectHideFlags: 0
  serializedVersion: 2
  m_Modification:
    m_TransformParent: {fileID: 0}
    m_Modifications:
    - target: {fileID: 168212, guid: df8a43a449ce3144d9403e53eb63c158, type: 3}
      propertyPath: m_Name
      value: Bed
      objectReference: {fileID: 0}
    - target: {fileID: 449420, guid: df8a43a449ce3144d9403e53eb63c158, type: 3}
      propertyPath: m_LocalPosition.x
      value: 99.779
      objectReference: {fileID: 0}
    - target: {fileID: 449420, guid: df8a43a449ce3144d9403e53eb63c158, type: 3}
      propertyPath: m_LocalPosition.y
      value: 77.414
      objectReference: {fileID: 0}
    - target: {fileID: 449420, guid: df8a43a449ce3144d9403e53eb63c158, type: 3}
      propertyPath: m_LocalPosition.z
      value: 135.59
      objectReference: {fileID: 0}
    - target: {fileID: 449420, guid: df8a43a449ce3144d9403e53eb63c158, type: 3}
      propertyPath: m_LocalRotation.x
      value: 0
      objectReference: {fileID: 0}
    - target: {fileID: 449420, guid: df8a43a449ce3144d9403e53eb63c158, type: 3}
      propertyPath: m_LocalRotation.y
      value: -0.7071068
      objectReference: {fileID: 0}
    - target: {fileID: 449420, guid: df8a43a449ce3144d9403e53eb63c158, type: 3}
      propertyPath: m_LocalRotation.z
      value: 0
      objectReference: {fileID: 0}
    - target: {fileID: 449420, guid: df8a43a449ce3144d9403e53eb63c158, type: 3}
      propertyPath: m_LocalRotation.w
      value: 0.7071068
      objectReference: {fileID: 0}
    - target: {fileID: 449420, guid: df8a43a449ce3144d9403e53eb63c158, type: 3}
      propertyPath: m_RootOrder
      value: 7
      objectReference: {fileID: 0}
    - target: {fileID: 449420, guid: df8a43a449ce3144d9403e53eb63c158, type: 3}
      propertyPath: m_LocalEulerAnglesHint.x
      value: 0
      objectReference: {fileID: 0}
    - target: {fileID: 449420, guid: df8a43a449ce3144d9403e53eb63c158, type: 3}
      propertyPath: m_LocalEulerAnglesHint.y
      value: -90
      objectReference: {fileID: 0}
    - target: {fileID: 449420, guid: df8a43a449ce3144d9403e53eb63c158, type: 3}
      propertyPath: m_LocalEulerAnglesHint.z
      value: 0
      objectReference: {fileID: 0}
    - target: {fileID: 449420, guid: df8a43a449ce3144d9403e53eb63c158, type: 3}
      propertyPath: m_LocalScale.z
      value: 1.4224163
      objectReference: {fileID: 0}
    - target: {fileID: 449420, guid: df8a43a449ce3144d9403e53eb63c158, type: 3}
      propertyPath: m_LocalScale.x
      value: 1.4224163
      objectReference: {fileID: 0}
    - target: {fileID: 449420, guid: df8a43a449ce3144d9403e53eb63c158, type: 3}
      propertyPath: m_LocalScale.y
      value: 1.4224163
      objectReference: {fileID: 0}
    - target: {fileID: 2329386, guid: df8a43a449ce3144d9403e53eb63c158, type: 3}
      propertyPath: m_Materials.Array.data[0]
      value: 
      objectReference: {fileID: 2100000, guid: d2baf2fc045db4b4997b9871933227f6, type: 2}
    m_RemovedComponents: []
  m_SourcePrefab: {fileID: 100100000, guid: df8a43a449ce3144d9403e53eb63c158, type: 3}
--- !u!1 &100937523 stripped
GameObject:
  m_CorrespondingSourceObject: {fileID: 100000, guid: f99df1970d4b71441a320ce6acc52709,
    type: 3}
  m_PrefabInstance: {fileID: 739664187}
  m_PrefabAsset: {fileID: 0}
--- !u!64 &100937524
MeshCollider:
  m_ObjectHideFlags: 0
  m_CorrespondingSourceObject: {fileID: 0}
  m_PrefabInstance: {fileID: 0}
  m_PrefabAsset: {fileID: 0}
  m_GameObject: {fileID: 100937523}
  m_Material: {fileID: 0}
  m_IsTrigger: 0
  m_Enabled: 1
  serializedVersion: 4
  m_Convex: 0
  m_CookingOptions: 30
  m_Mesh: {fileID: 4300006, guid: 08e091500e68ded43b4abfb1b3f718d0, type: 3}
--- !u!1001 &116812222
PrefabInstance:
  m_ObjectHideFlags: 0
  serializedVersion: 2
  m_Modification:
    m_TransformParent: {fileID: 0}
    m_Modifications:
    - target: {fileID: 100002, guid: 29e497487ae706f4a90f81cac1f10ccf, type: 3}
      propertyPath: m_Name
      value: desk
      objectReference: {fileID: 0}
    - target: {fileID: 400002, guid: 29e497487ae706f4a90f81cac1f10ccf, type: 3}
      propertyPath: m_LocalPosition.x
      value: 104.345
      objectReference: {fileID: 0}
    - target: {fileID: 400002, guid: 29e497487ae706f4a90f81cac1f10ccf, type: 3}
      propertyPath: m_LocalPosition.y
      value: 77.42
      objectReference: {fileID: 0}
    - target: {fileID: 400002, guid: 29e497487ae706f4a90f81cac1f10ccf, type: 3}
      propertyPath: m_LocalPosition.z
      value: 136.241
      objectReference: {fileID: 0}
    - target: {fileID: 400002, guid: 29e497487ae706f4a90f81cac1f10ccf, type: 3}
      propertyPath: m_LocalRotation.x
      value: 0
      objectReference: {fileID: 0}
    - target: {fileID: 400002, guid: 29e497487ae706f4a90f81cac1f10ccf, type: 3}
      propertyPath: m_LocalRotation.y
      value: 0.7071068
      objectReference: {fileID: 0}
    - target: {fileID: 400002, guid: 29e497487ae706f4a90f81cac1f10ccf, type: 3}
      propertyPath: m_LocalRotation.z
      value: 0.7071068
      objectReference: {fileID: 0}
    - target: {fileID: 400002, guid: 29e497487ae706f4a90f81cac1f10ccf, type: 3}
      propertyPath: m_LocalRotation.w
      value: 0
      objectReference: {fileID: 0}
    - target: {fileID: 400002, guid: 29e497487ae706f4a90f81cac1f10ccf, type: 3}
      propertyPath: m_RootOrder
      value: 5
      objectReference: {fileID: 0}
    - target: {fileID: 400002, guid: 29e497487ae706f4a90f81cac1f10ccf, type: 3}
      propertyPath: m_LocalEulerAnglesHint.x
      value: -90.00001
      objectReference: {fileID: 0}
    - target: {fileID: 400002, guid: 29e497487ae706f4a90f81cac1f10ccf, type: 3}
      propertyPath: m_LocalEulerAnglesHint.y
      value: 180
      objectReference: {fileID: 0}
    - target: {fileID: 400002, guid: 29e497487ae706f4a90f81cac1f10ccf, type: 3}
      propertyPath: m_LocalEulerAnglesHint.z
      value: 0
      objectReference: {fileID: 0}
    - target: {fileID: 400002, guid: 29e497487ae706f4a90f81cac1f10ccf, type: 3}
      propertyPath: m_LocalScale.x
      value: 1.4679
      objectReference: {fileID: 0}
    - target: {fileID: 400002, guid: 29e497487ae706f4a90f81cac1f10ccf, type: 3}
      propertyPath: m_LocalScale.y
      value: 1.4679
      objectReference: {fileID: 0}
    - target: {fileID: 400002, guid: 29e497487ae706f4a90f81cac1f10ccf, type: 3}
      propertyPath: m_LocalScale.z
      value: 1.4679
      objectReference: {fileID: 0}
    - target: {fileID: 2300000, guid: 29e497487ae706f4a90f81cac1f10ccf, type: 3}
      propertyPath: m_Materials.Array.data[0]
      value: 
      objectReference: {fileID: 2100000, guid: d2baf2fc045db4b4997b9871933227f6, type: 2}
    - target: {fileID: 2300002, guid: 29e497487ae706f4a90f81cac1f10ccf, type: 3}
      propertyPath: m_Materials.Array.data[0]
      value: 
      objectReference: {fileID: 2100000, guid: d2baf2fc045db4b4997b9871933227f6, type: 2}
    - target: {fileID: 2300006, guid: 29e497487ae706f4a90f81cac1f10ccf, type: 3}
      propertyPath: m_Materials.Array.data[0]
      value: 
      objectReference: {fileID: 2100000, guid: d2baf2fc045db4b4997b9871933227f6, type: 2}
    m_RemovedComponents: []
  m_SourcePrefab: {fileID: 100100000, guid: 29e497487ae706f4a90f81cac1f10ccf, type: 3}
--- !u!1 &321629458 stripped
GameObject:
  m_CorrespondingSourceObject: {fileID: 100000, guid: ec505f73967a98c48a090df01f10c44b,
    type: 3}
  m_PrefabInstance: {fileID: 1545283839}
  m_PrefabAsset: {fileID: 0}
--- !u!64 &321629459
MeshCollider:
  m_ObjectHideFlags: 0
  m_CorrespondingSourceObject: {fileID: 0}
  m_PrefabInstance: {fileID: 0}
  m_PrefabAsset: {fileID: 0}
  m_GameObject: {fileID: 321629458}
  m_Material: {fileID: 0}
  m_IsTrigger: 0
  m_Enabled: 1
  serializedVersion: 4
  m_Convex: 0
  m_CookingOptions: 30
  m_Mesh: {fileID: 4300000, guid: 83a8ea92913740449a4ad6c6c19c7d92, type: 3}
--- !u!1 &348218073
GameObject:
  m_ObjectHideFlags: 0
  m_CorrespondingSourceObject: {fileID: 0}
  m_PrefabInstance: {fileID: 0}
  m_PrefabAsset: {fileID: 0}
  serializedVersion: 6
  m_Component:
  - component: {fileID: 348218078}
  - component: {fileID: 348218077}
  - component: {fileID: 348218076}
  - component: {fileID: 348218075}
  - component: {fileID: 348218074}
  m_Layer: 0
  m_Name: Plane
  m_TagString: Untagged
  m_Icon: {fileID: 0}
  m_NavMeshLayer: 0
  m_StaticEditorFlags: 0
  m_IsActive: 1
--- !u!64 &348218074
MeshCollider:
  m_ObjectHideFlags: 0
  m_CorrespondingSourceObject: {fileID: 0}
  m_PrefabInstance: {fileID: 0}
  m_PrefabAsset: {fileID: 0}
  m_GameObject: {fileID: 348218073}
  m_Material: {fileID: 0}
  m_IsTrigger: 0
  m_Enabled: 1
  serializedVersion: 4
  m_Convex: 0
  m_CookingOptions: 30
  m_Mesh: {fileID: 400659169}
--- !u!33 &348218075
MeshFilter:
  m_ObjectHideFlags: 10
  m_CorrespondingSourceObject: {fileID: 0}
  m_PrefabInstance: {fileID: 0}
  m_PrefabAsset: {fileID: 0}
  m_GameObject: {fileID: 348218073}
  m_Mesh: {fileID: 400659169}
--- !u!23 &348218076
MeshRenderer:
  m_ObjectHideFlags: 0
  m_CorrespondingSourceObject: {fileID: 0}
  m_PrefabInstance: {fileID: 0}
  m_PrefabAsset: {fileID: 0}
  m_GameObject: {fileID: 348218073}
  m_Enabled: 1
  m_CastShadows: 1
  m_ReceiveShadows: 1
  m_DynamicOccludee: 1
  m_MotionVectors: 1
  m_LightProbeUsage: 1
  m_ReflectionProbeUsage: 1
  m_RayTracingMode: 2
  m_RenderingLayerMask: 1
  m_RendererPriority: 0
  m_Materials:
  - {fileID: 2100000, guid: 1a2fda86054f9431f92a0b175355401a, type: 2}
  m_StaticBatchInfo:
    firstSubMesh: 0
    subMeshCount: 0
  m_StaticBatchRoot: {fileID: 0}
  m_ProbeAnchor: {fileID: 0}
  m_LightProbeVolumeOverride: {fileID: 0}
  m_ScaleInLightmap: 1
  m_ReceiveGI: 1
  m_PreserveUVs: 0
  m_IgnoreNormalsForChartDetection: 0
  m_ImportantGI: 0
  m_StitchLightmapSeams: 1
  m_SelectedEditorRenderState: 2
  m_MinimumChartSize: 4
  m_AutoUVMaxDistance: 0.5
  m_AutoUVMaxAngle: 89
  m_LightmapParameters: {fileID: 0}
  m_SortingLayerID: 0
  m_SortingLayer: 0
  m_SortingOrder: 0
--- !u!114 &348218077
MonoBehaviour:
  m_ObjectHideFlags: 0
  m_CorrespondingSourceObject: {fileID: 0}
  m_PrefabInstance: {fileID: 0}
  m_PrefabAsset: {fileID: 0}
  m_GameObject: {fileID: 348218073}
  m_Enabled: 1
  m_EditorHideFlags: 0
  m_Script: {fileID: 11500000, guid: 8233d90336aea43098adf6dbabd606a2, type: 3}
  m_Name: 
  m_EditorClassIdentifier: 
  m_MeshFormatVersion: 1
  m_Faces:
  - m_Indexes: 000000000100000002000000010000000300000002000000
    m_SmoothingGroup: 0
    m_Uv:
      m_UseWorldSpace: 0
      m_FlipU: 0
      m_FlipV: 0
      m_SwapUV: 0
      m_Fill: 1
      m_Scale: {x: 1, y: 1}
      m_Offset: {x: 0, y: 0}
      m_Rotation: 0
      m_Anchor: 9
    m_Material: {fileID: 2100000, guid: c22777d6e868e4f2fb421913386b154e, type: 2}
    m_SubmeshIndex: 0
    m_ManualUV: 0
    elementGroup: 0
    m_TextureGroup: -1
  - m_Indexes: 040000000500000006000000050000000700000006000000
    m_SmoothingGroup: 0
    m_Uv:
      m_UseWorldSpace: 0
      m_FlipU: 0
      m_FlipV: 0
      m_SwapUV: 0
      m_Fill: 1
      m_Scale: {x: 1, y: 1}
      m_Offset: {x: 0, y: 0}
      m_Rotation: 0
      m_Anchor: 9
    m_Material: {fileID: 2100000, guid: c22777d6e868e4f2fb421913386b154e, type: 2}
    m_SubmeshIndex: 0
    m_ManualUV: 0
    elementGroup: 0
    m_TextureGroup: -1
  - m_Indexes: 08000000090000000a000000090000000b0000000a000000
    m_SmoothingGroup: 0
    m_Uv:
      m_UseWorldSpace: 0
      m_FlipU: 0
      m_FlipV: 0
      m_SwapUV: 0
      m_Fill: 1
      m_Scale: {x: 1, y: 1}
      m_Offset: {x: 0, y: 0}
      m_Rotation: 0
      m_Anchor: 9
    m_Material: {fileID: 2100000, guid: c22777d6e868e4f2fb421913386b154e, type: 2}
    m_SubmeshIndex: 0
    m_ManualUV: 0
    elementGroup: 0
    m_TextureGroup: -1
  - m_Indexes: 0c0000000d0000000e0000000d0000000f0000000e000000
    m_SmoothingGroup: 0
    m_Uv:
      m_UseWorldSpace: 0
      m_FlipU: 0
      m_FlipV: 0
      m_SwapUV: 0
      m_Fill: 1
      m_Scale: {x: 1, y: 1}
      m_Offset: {x: 0, y: 0}
      m_Rotation: 0
      m_Anchor: 9
    m_Material: {fileID: 2100000, guid: c22777d6e868e4f2fb421913386b154e, type: 2}
    m_SubmeshIndex: 0
    m_ManualUV: 0
    elementGroup: 0
    m_TextureGroup: -1
  - m_Indexes: 100000001100000012000000110000001300000012000000
    m_SmoothingGroup: 0
    m_Uv:
      m_UseWorldSpace: 0
      m_FlipU: 0
      m_FlipV: 0
      m_SwapUV: 0
      m_Fill: 1
      m_Scale: {x: 1, y: 1}
      m_Offset: {x: 0, y: 0}
      m_Rotation: 0
      m_Anchor: 9
    m_Material: {fileID: 2100000, guid: c22777d6e868e4f2fb421913386b154e, type: 2}
    m_SubmeshIndex: 0
    m_ManualUV: 0
    elementGroup: 0
    m_TextureGroup: -1
  - m_Indexes: 140000001500000016000000150000001700000016000000
    m_SmoothingGroup: 0
    m_Uv:
      m_UseWorldSpace: 0
      m_FlipU: 0
      m_FlipV: 0
      m_SwapUV: 0
      m_Fill: 1
      m_Scale: {x: 1, y: 1}
      m_Offset: {x: 0, y: 0}
      m_Rotation: 0
      m_Anchor: 9
    m_Material: {fileID: 2100000, guid: c22777d6e868e4f2fb421913386b154e, type: 2}
    m_SubmeshIndex: 0
    m_ManualUV: 0
    elementGroup: 0
    m_TextureGroup: -1
  m_SharedVertices:
  - m_Vertices: 00000000
  - m_Vertices: 0100000004000000
  - m_Vertices: 05000000
  - m_Vertices: 0200000008000000
  - m_Vertices: 0300000006000000090000000c000000
  - m_Vertices: 070000000d000000
  - m_Vertices: 0a00000010000000
  - m_Vertices: 0b0000000e0000001100000014000000
  - m_Vertices: 0f00000015000000
  - m_Vertices: 12000000
  - m_Vertices: 1300000016000000
  - m_Vertices: 17000000
  m_SharedTextures: []
  m_Positions:
  - {x: 2.5, y: 0, z: 0}
  - {x: 2.5, y: 0, z: 2.5}
  - {x: 5, y: 0, z: 0}
  - {x: 5, y: 0, z: 2.5}
  - {x: 2.5, y: 0, z: 2.5}
  - {x: 2.5, y: 0, z: 5}
  - {x: 5, y: 0, z: 2.5}
  - {x: 5, y: 0, z: 5}
  - {x: 5, y: 0, z: 0}
  - {x: 5, y: 0, z: 2.5}
  - {x: 7.5, y: 0, z: 0}
  - {x: 7.499998, y: 0, z: 2.500002}
  - {x: 5, y: 0, z: 2.5}
  - {x: 5, y: 0, z: 5}
  - {x: 7.499998, y: 0, z: 2.500002}
  - {x: 7.5, y: 0, z: 5}
  - {x: 7.5, y: 0, z: 0}
  - {x: 7.499998, y: 0, z: 2.500002}
  - {x: 10, y: 0, z: 0}
  - {x: 10, y: 0, z: 2.5}
  - {x: 7.499998, y: 0, z: 2.500002}
  - {x: 7.5, y: 0, z: 5}
  - {x: 10, y: 0, z: 2.5}
  - {x: 10, y: 0, z: 5}
  m_Textures0:
  - {x: 2.5, y: 0}
  - {x: 2.5, y: 2.5}
  - {x: 5, y: 0}
  - {x: 5, y: 2.5}
  - {x: 2.5, y: 2.5}
  - {x: 2.5, y: 5}
  - {x: 5, y: 2.5}
  - {x: 5, y: 5}
  - {x: 5, y: 0}
  - {x: 5, y: 2.5}
  - {x: 7.5, y: 0}
  - {x: 7.499998, y: 2.500002}
  - {x: 5, y: 2.5}
  - {x: 5, y: 5}
  - {x: 7.499998, y: 2.500002}
  - {x: 7.5, y: 5}
  - {x: 7.5, y: 0}
  - {x: 7.499998, y: 2.500002}
  - {x: 10, y: 0}
  - {x: 10, y: 2.5}
  - {x: 7.499998, y: 2.500002}
  - {x: 7.5, y: 5}
  - {x: 10, y: 2.5}
  - {x: 10, y: 5}
  m_Textures2: []
  m_Textures3: []
  m_Tangents:
  - {x: 1, y: 0, z: 0, w: -1}
  - {x: 1, y: 0, z: 0, w: -1}
  - {x: 1, y: 0, z: 0, w: -1}
  - {x: 1, y: 0, z: 0, w: -1}
  - {x: 1, y: 0, z: 0, w: -1}
  - {x: 1, y: 0, z: 0, w: -1}
  - {x: 1, y: 0, z: 0, w: -1}
  - {x: 1, y: 0, z: 0, w: -1}
  - {x: 1, y: 0, z: 0, w: -1}
  - {x: 1, y: 0, z: 0, w: -1}
  - {x: 1, y: 0, z: 0, w: -1}
  - {x: 1, y: 0, z: 0, w: -1}
  - {x: 1, y: 0, z: 0, w: -1}
  - {x: 1, y: 0, z: 0, w: -1}
  - {x: 1, y: 0, z: 0, w: -1}
  - {x: 1, y: 0, z: 0, w: -1}
  - {x: 1, y: 0, z: 0, w: -1}
  - {x: 1, y: 0, z: 0, w: -1}
  - {x: 1, y: 0, z: 0, w: -1}
  - {x: 1, y: 0, z: 0, w: -1}
  - {x: 1, y: 0, z: 0, w: -1}
  - {x: 1, y: 0, z: 0, w: -1}
  - {x: 1, y: 0, z: 0, w: -1}
  - {x: 1, y: 0, z: 0, w: -1}
  m_Colors: []
  m_UnwrapParameters:
    m_HardAngle: 88
    m_PackMargin: 20
    m_AngleError: 8
    m_AreaError: 15
  m_PreserveMeshAssetOnDestroy: 0
  assetGuid: 
  m_Mesh: {fileID: 400659169}
  m_IsSelectable: 1
  m_SelectedFaces: 
  m_SelectedEdges: []
  m_SelectedVertices: 
--- !u!4 &348218078
Transform:
  m_ObjectHideFlags: 0
  m_CorrespondingSourceObject: {fileID: 0}
  m_PrefabInstance: {fileID: 0}
  m_PrefabAsset: {fileID: 0}
  m_GameObject: {fileID: 348218073}
  m_LocalRotation: {x: 0, y: 0, z: 0, w: 1}
  m_LocalPosition: {x: 96.695, y: 77.41373, z: 128.86}
  m_LocalScale: {x: 0.923719, y: 2.1053214, z: 1.9998448}
  m_Children: []
  m_Father: {fileID: 0}
  m_RootOrder: 3
  m_LocalEulerAnglesHint: {x: 0, y: 0, z: 0}
--- !u!43 &400659169
Mesh:
  m_ObjectHideFlags: 0
  m_CorrespondingSourceObject: {fileID: 0}
  m_PrefabInstance: {fileID: 0}
  m_PrefabAsset: {fileID: 0}
  m_Name: pb_Mesh38528
  serializedVersion: 10
  m_SubMeshes:
  - serializedVersion: 2
    firstByte: 0
    indexCount: 36
    topology: 0
    baseVertex: 0
    firstVertex: 0
    vertexCount: 12
    localAABB:
      m_Center: {x: 6.25, y: 0, z: 2.5}
      m_Extent: {x: 3.75, y: 0, z: 2.5}
  m_Shapes:
    vertices: []
    shapes: []
    channels: []
    fullWeights: []
  m_BindPose: []
  m_BoneNameHashes: 
  m_RootBoneNameHash: 0
  m_BonesAABB: []
  m_VariableBoneCountWeights:
    m_Data: 
  m_MeshCompression: 0
  m_IsReadable: 1
  m_KeepVertices: 1
  m_KeepIndices: 1
  m_IndexFormat: 0
  m_IndexBuffer: 00000100020001000300020001000400030004000500030002000300060003000700060003000500070005000800070006000700090007000a000900070008000a0008000b000a00
  m_VertexData:
    serializedVersion: 3
    m_VertexCount: 12
    m_Channels:
    - stream: 0
      offset: 0
      format: 0
      dimension: 3
    - stream: 0
      offset: 12
      format: 0
      dimension: 3
    - stream: 0
      offset: 24
      format: 0
      dimension: 4
    - stream: 0
      offset: 0
      format: 0
      dimension: 0
    - stream: 0
      offset: 40
      format: 0
      dimension: 2
    - stream: 0
      offset: 0
      format: 0
      dimension: 0
    - stream: 0
      offset: 0
      format: 0
      dimension: 0
    - stream: 0
      offset: 0
      format: 0
      dimension: 0
    - stream: 0
      offset: 0
      format: 0
      dimension: 0
    - stream: 0
      offset: 0
      format: 0
      dimension: 0
    - stream: 0
      offset: 0
      format: 0
      dimension: 0
    - stream: 0
      offset: 0
      format: 0
      dimension: 0
    - stream: 0
      offset: 0
      format: 0
      dimension: 0
    - stream: 0
      offset: 0
      format: 0
      dimension: 0
    m_DataSize: 576
    _typelessdata: 000020400000000000000000000000000000803f000000000000803f0000000000000000000080bf0000204000000000000020400000000000002040000000000000803f000000000000803f0000000000000000000080bf00002040000020400000a0400000000000000000000000000000803f000000000000803f0000000000000000000080bf0000a040000000000000a0400000000000002040000000000000803f000000000000803f0000000000000000000080bf0000a0400000204000002040000000000000a040000000000000803f000000000000803f0000000000000000000080bf000020400000a0400000a040000000000000a040000000000000803f000000000000803f0000000000000000000080bf0000a0400000a0400000f0400000000000000000000000000000803f000000000000803f0000000000000000000080bf0000f04000000000fcffef400000000008002040000000000000803f000000000000803f0000000000000000000080bffcffef40080020400000f040000000000000a040000000000000803f000000000000803f0000000000000000000080bf0000f0400000a040000020410000000000000000000000000000803f000000000000803f0000000000000000000080bf0000204100000000000020410000000000002040000000000000803f000000000000803f0000000000000000000080bf000020410000204000002041000000000000a040000000000000803f000000000000803f0000000000000000000080bf000020410000a040
  m_CompressedMesh:
    m_Vertices:
      m_NumItems: 0
      m_Range: 0
      m_Start: 0
      m_Data: 
      m_BitSize: 0
    m_UV:
      m_NumItems: 0
      m_Range: 0
      m_Start: 0
      m_Data: 
      m_BitSize: 0
    m_Normals:
      m_NumItems: 0
      m_Range: 0
      m_Start: 0
      m_Data: 
      m_BitSize: 0
    m_Tangents:
      m_NumItems: 0
      m_Range: 0
      m_Start: 0
      m_Data: 
      m_BitSize: 0
    m_Weights:
      m_NumItems: 0
      m_Data: 
      m_BitSize: 0
    m_NormalSigns:
      m_NumItems: 0
      m_Data: 
      m_BitSize: 0
    m_TangentSigns:
      m_NumItems: 0
      m_Data: 
      m_BitSize: 0
    m_FloatColors:
      m_NumItems: 0
      m_Range: 0
      m_Start: 0
      m_Data: 
      m_BitSize: 0
    m_BoneIndices:
      m_NumItems: 0
      m_Data: 
      m_BitSize: 0
    m_Triangles:
      m_NumItems: 0
      m_Data: 
      m_BitSize: 0
    m_UVInfo: 0
  m_LocalAABB:
    m_Center: {x: 6.25, y: 0, z: 2.5}
    m_Extent: {x: 3.75, y: 0, z: 2.5}
  m_MeshUsageFlags: 0
  m_BakedConvexCollisionMesh: 
  m_BakedTriangleCollisionMesh: 
  m_MeshMetrics[0]: 1
  m_MeshMetrics[1]: 1
  m_MeshOptimizationFlags: 1
  m_StreamData:
    offset: 0
    size: 0
    path: 
--- !u!1 &539158725 stripped
GameObject:
  m_CorrespondingSourceObject: {fileID: 1000010670291308, guid: 34e2106c3be2e81429c3d79f9011bd30,
    type: 3}
  m_PrefabInstance: {fileID: 754841672}
  m_PrefabAsset: {fileID: 0}
--- !u!64 &539158726
MeshCollider:
  m_ObjectHideFlags: 0
  m_CorrespondingSourceObject: {fileID: 0}
  m_PrefabInstance: {fileID: 0}
  m_PrefabAsset: {fileID: 0}
  m_GameObject: {fileID: 539158725}
  m_Material: {fileID: 0}
  m_IsTrigger: 0
  m_Enabled: 1
  serializedVersion: 4
  m_Convex: 0
  m_CookingOptions: 30
  m_Mesh: {fileID: 4300000, guid: 7ce8fd4058e96b3469862b8e9bcf71e5, type: 3}
--- !u!1001 &739664187
PrefabInstance:
  m_ObjectHideFlags: 0
  serializedVersion: 2
  m_Modification:
    m_TransformParent: {fileID: 0}
    m_Modifications:
    - target: {fileID: 100000, guid: f99df1970d4b71441a320ce6acc52709, type: 3}
      propertyPath: m_Name
      value: book_0001d
      objectReference: {fileID: 0}
    - target: {fileID: 400000, guid: f99df1970d4b71441a320ce6acc52709, type: 3}
      propertyPath: m_LocalPosition.x
      value: 104.406
      objectReference: {fileID: 0}
    - target: {fileID: 400000, guid: f99df1970d4b71441a320ce6acc52709, type: 3}
      propertyPath: m_LocalPosition.y
      value: 78.53267
      objectReference: {fileID: 0}
    - target: {fileID: 400000, guid: f99df1970d4b71441a320ce6acc52709, type: 3}
      propertyPath: m_LocalPosition.z
      value: 135.881
      objectReference: {fileID: 0}
    - target: {fileID: 400000, guid: f99df1970d4b71441a320ce6acc52709, type: 3}
      propertyPath: m_LocalRotation.x
      value: 0.5
      objectReference: {fileID: 0}
    - target: {fileID: 400000, guid: f99df1970d4b71441a320ce6acc52709, type: 3}
      propertyPath: m_LocalRotation.y
      value: 0.5
      objectReference: {fileID: 0}
    - target: {fileID: 400000, guid: f99df1970d4b71441a320ce6acc52709, type: 3}
      propertyPath: m_LocalRotation.z
      value: 0.5
      objectReference: {fileID: 0}
    - target: {fileID: 400000, guid: f99df1970d4b71441a320ce6acc52709, type: 3}
      propertyPath: m_LocalRotation.w
      value: 0.5
      objectReference: {fileID: 0}
    - target: {fileID: 400000, guid: f99df1970d4b71441a320ce6acc52709, type: 3}
      propertyPath: m_RootOrder
      value: 8
      objectReference: {fileID: 0}
    - target: {fileID: 400000, guid: f99df1970d4b71441a320ce6acc52709, type: 3}
      propertyPath: m_LocalEulerAnglesHint.x
      value: 0
      objectReference: {fileID: 0}
    - target: {fileID: 400000, guid: f99df1970d4b71441a320ce6acc52709, type: 3}
      propertyPath: m_LocalEulerAnglesHint.y
      value: -90
      objectReference: {fileID: 0}
    - target: {fileID: 400000, guid: f99df1970d4b71441a320ce6acc52709, type: 3}
      propertyPath: m_LocalEulerAnglesHint.z
      value: 0
      objectReference: {fileID: 0}
    - target: {fileID: 400000, guid: f99df1970d4b71441a320ce6acc52709, type: 3}
      propertyPath: m_LocalScale.x
      value: 2.9358013
      objectReference: {fileID: 0}
    - target: {fileID: 400000, guid: f99df1970d4b71441a320ce6acc52709, type: 3}
      propertyPath: m_LocalScale.y
      value: 2.935801
      objectReference: {fileID: 0}
    - target: {fileID: 400000, guid: f99df1970d4b71441a320ce6acc52709, type: 3}
      propertyPath: m_LocalScale.z
      value: 2.9358017
      objectReference: {fileID: 0}
    m_RemovedComponents: []
  m_SourcePrefab: {fileID: 100100000, guid: f99df1970d4b71441a320ce6acc52709, type: 3}
--- !u!1001 &754841672
PrefabInstance:
  m_ObjectHideFlags: 0
  serializedVersion: 2
  m_Modification:
    m_TransformParent: {fileID: 0}
    m_Modifications:
    - target: {fileID: 1000010670291308, guid: 34e2106c3be2e81429c3d79f9011bd30, type: 3}
      propertyPath: m_Name
      value: House_6
      objectReference: {fileID: 0}
    - target: {fileID: 1000010670291308, guid: 34e2106c3be2e81429c3d79f9011bd30, type: 3}
      propertyPath: m_IsActive
      value: 1
      objectReference: {fileID: 0}
    - target: {fileID: 1000010670291308, guid: 34e2106c3be2e81429c3d79f9011bd30, type: 3}
      propertyPath: m_StaticEditorFlags
      value: 0
      objectReference: {fileID: 0}
    - target: {fileID: 4000011391658484, guid: 34e2106c3be2e81429c3d79f9011bd30, type: 3}
      propertyPath: m_LocalPosition.x
      value: 98.96464
      objectReference: {fileID: 0}
    - target: {fileID: 4000011391658484, guid: 34e2106c3be2e81429c3d79f9011bd30, type: 3}
      propertyPath: m_LocalPosition.y
      value: 77.41373
      objectReference: {fileID: 0}
    - target: {fileID: 4000011391658484, guid: 34e2106c3be2e81429c3d79f9011bd30, type: 3}
      propertyPath: m_LocalPosition.z
      value: 133.45
      objectReference: {fileID: 0}
    - target: {fileID: 4000011391658484, guid: 34e2106c3be2e81429c3d79f9011bd30, type: 3}
      propertyPath: m_LocalRotation.x
      value: 0
      objectReference: {fileID: 0}
    - target: {fileID: 4000011391658484, guid: 34e2106c3be2e81429c3d79f9011bd30, type: 3}
      propertyPath: m_LocalRotation.y
      value: 0.7071068
      objectReference: {fileID: 0}
    - target: {fileID: 4000011391658484, guid: 34e2106c3be2e81429c3d79f9011bd30, type: 3}
      propertyPath: m_LocalRotation.z
      value: 0
      objectReference: {fileID: 0}
    - target: {fileID: 4000011391658484, guid: 34e2106c3be2e81429c3d79f9011bd30, type: 3}
      propertyPath: m_LocalRotation.w
      value: 0.7071068
      objectReference: {fileID: 0}
    - target: {fileID: 4000011391658484, guid: 34e2106c3be2e81429c3d79f9011bd30, type: 3}
      propertyPath: m_RootOrder
      value: 1
      objectReference: {fileID: 0}
    - target: {fileID: 4000011391658484, guid: 34e2106c3be2e81429c3d79f9011bd30, type: 3}
      propertyPath: m_LocalEulerAnglesHint.x
      value: 0
      objectReference: {fileID: 0}
    - target: {fileID: 4000011391658484, guid: 34e2106c3be2e81429c3d79f9011bd30, type: 3}
      propertyPath: m_LocalEulerAnglesHint.y
      value: 90
      objectReference: {fileID: 0}
    - target: {fileID: 4000011391658484, guid: 34e2106c3be2e81429c3d79f9011bd30, type: 3}
      propertyPath: m_LocalEulerAnglesHint.z
      value: 0
      objectReference: {fileID: 0}
    - target: {fileID: 23000010544151932, guid: 34e2106c3be2e81429c3d79f9011bd30,
        type: 3}
      propertyPath: m_CastShadows
      value: 1
      objectReference: {fileID: 0}
    - target: {fileID: 23000010544151932, guid: 34e2106c3be2e81429c3d79f9011bd30,
        type: 3}
      propertyPath: m_Materials.Array.data[0]
      value: 
      objectReference: {fileID: 2100000, guid: 2c7e9f80ea5522b4ca1365ffacd6a081, type: 2}
    m_RemovedComponents: []
  m_SourcePrefab: {fileID: 100100000, guid: 34e2106c3be2e81429c3d79f9011bd30, type: 3}
--- !u!1 &880593010
GameObject:
  m_ObjectHideFlags: 0
  m_CorrespondingSourceObject: {fileID: 0}
  m_PrefabInstance: {fileID: 0}
  m_PrefabAsset: {fileID: 0}
  serializedVersion: 6
  m_Component:
  - component: {fileID: 880593012}
  - component: {fileID: 880593011}
  m_Layer: 0
  m_Name: Directional Light
  m_TagString: Untagged
  m_Icon: {fileID: 0}
  m_NavMeshLayer: 0
  m_StaticEditorFlags: 0
  m_IsActive: 1
--- !u!108 &880593011
Light:
  m_ObjectHideFlags: 0
  m_CorrespondingSourceObject: {fileID: 0}
  m_PrefabInstance: {fileID: 0}
  m_PrefabAsset: {fileID: 0}
  m_GameObject: {fileID: 880593010}
  m_Enabled: 1
  serializedVersion: 10
  m_Type: 1
  m_Shape: 0
  m_Color: {r: 1, g: 0.95686275, b: 0.8392157, a: 1}
  m_Intensity: 1
  m_Range: 10
  m_SpotAngle: 30
  m_InnerSpotAngle: 21.80208
  m_CookieSize: 10
  m_Shadows:
    m_Type: 2
    m_Resolution: -1
    m_CustomResolution: -1
    m_Strength: 1
    m_Bias: 0.05
    m_NormalBias: 0.4
    m_NearPlane: 0.2
    m_CullingMatrixOverride:
      e00: 1
      e01: 0
      e02: 0
      e03: 0
      e10: 0
      e11: 1
      e12: 0
      e13: 0
      e20: 0
      e21: 0
      e22: 1
      e23: 0
      e30: 0
      e31: 0
      e32: 0
      e33: 1
    m_UseCullingMatrixOverride: 0
  m_Cookie: {fileID: 0}
  m_DrawHalo: 0
  m_Flare: {fileID: 0}
  m_RenderMode: 0
  m_CullingMask:
    serializedVersion: 2
    m_Bits: 4294967295
  m_RenderingLayerMask: 1
  m_Lightmapping: 4
  m_LightShadowCasterMode: 0
  m_AreaSize: {x: 1, y: 1}
  m_BounceIntensity: 1
  m_ColorTemperature: 6570
  m_UseColorTemperature: 0
  m_BoundingSphereOverride: {x: 0, y: 0, z: 0, w: 0}
  m_UseBoundingSphereOverride: 0
  m_ShadowRadius: 0
  m_ShadowAngle: 0
--- !u!4 &880593012
Transform:
  m_ObjectHideFlags: 0
  m_CorrespondingSourceObject: {fileID: 0}
  m_PrefabInstance: {fileID: 0}
  m_PrefabAsset: {fileID: 0}
  m_GameObject: {fileID: 880593010}
  m_LocalRotation: {x: 0.40821788, y: -0.23456968, z: 0.10938163, w: 0.8754261}
  m_LocalPosition: {x: 0, y: 3, z: 0}
  m_LocalScale: {x: 1, y: 1, z: 1}
  m_Children: []
  m_Father: {fileID: 0}
  m_RootOrder: 2
  m_LocalEulerAnglesHint: {x: 50, y: -30, z: 0}
--- !u!1001 &1174339607
PrefabInstance:
  m_ObjectHideFlags: 0
  serializedVersion: 2
  m_Modification:
    m_TransformParent: {fileID: 0}
    m_Modifications:
    - target: {fileID: 6146498833018448691, guid: d7f16bebf84a8be45a4edf754a799508,
        type: 3}
      propertyPath: m_Name
      value: Cabinet04
      objectReference: {fileID: 0}
    - target: {fileID: 6146498833018615571, guid: d7f16bebf84a8be45a4edf754a799508,
        type: 3}
      propertyPath: m_LocalPosition.x
      value: 102.341
      objectReference: {fileID: 0}
    - target: {fileID: 6146498833018615571, guid: d7f16bebf84a8be45a4edf754a799508,
        type: 3}
      propertyPath: m_LocalPosition.y
      value: 77.41
      objectReference: {fileID: 0}
    - target: {fileID: 6146498833018615571, guid: d7f16bebf84a8be45a4edf754a799508,
        type: 3}
      propertyPath: m_LocalPosition.z
      value: 136.575
      objectReference: {fileID: 0}
    - target: {fileID: 6146498833018615571, guid: d7f16bebf84a8be45a4edf754a799508,
        type: 3}
      propertyPath: m_LocalRotation.x
      value: 0
      objectReference: {fileID: 0}
    - target: {fileID: 6146498833018615571, guid: d7f16bebf84a8be45a4edf754a799508,
        type: 3}
      propertyPath: m_LocalRotation.y
      value: 1
      objectReference: {fileID: 0}
    - target: {fileID: 6146498833018615571, guid: d7f16bebf84a8be45a4edf754a799508,
        type: 3}
      propertyPath: m_LocalRotation.z
      value: 0
      objectReference: {fileID: 0}
    - target: {fileID: 6146498833018615571, guid: d7f16bebf84a8be45a4edf754a799508,
        type: 3}
      propertyPath: m_LocalRotation.w
      value: 0
      objectReference: {fileID: 0}
    - target: {fileID: 6146498833018615571, guid: d7f16bebf84a8be45a4edf754a799508,
        type: 3}
      propertyPath: m_RootOrder
      value: 4
      objectReference: {fileID: 0}
    - target: {fileID: 6146498833018615571, guid: d7f16bebf84a8be45a4edf754a799508,
        type: 3}
      propertyPath: m_LocalEulerAnglesHint.x
      value: 0
      objectReference: {fileID: 0}
    - target: {fileID: 6146498833018615571, guid: d7f16bebf84a8be45a4edf754a799508,
        type: 3}
      propertyPath: m_LocalEulerAnglesHint.y
      value: 180
      objectReference: {fileID: 0}
    - target: {fileID: 6146498833018615571, guid: d7f16bebf84a8be45a4edf754a799508,
        type: 3}
      propertyPath: m_LocalEulerAnglesHint.z
      value: 0
      objectReference: {fileID: 0}
    - target: {fileID: 6146498833018615571, guid: d7f16bebf84a8be45a4edf754a799508,
        type: 3}
      propertyPath: m_LocalScale.x
      value: 1.7127
      objectReference: {fileID: 0}
    - target: {fileID: 6146498833018615571, guid: d7f16bebf84a8be45a4edf754a799508,
        type: 3}
      propertyPath: m_LocalScale.y
      value: 1.7127
      objectReference: {fileID: 0}
    - target: {fileID: 6146498833018615571, guid: d7f16bebf84a8be45a4edf754a799508,
        type: 3}
      propertyPath: m_LocalScale.z
      value: 1.7127
      objectReference: {fileID: 0}
    m_RemovedComponents: []
  m_SourcePrefab: {fileID: 100100000, guid: d7f16bebf84a8be45a4edf754a799508, type: 3}
--- !u!1 &1190309767 stripped
GameObject:
  m_CorrespondingSourceObject: {fileID: 190264, guid: df8a43a449ce3144d9403e53eb63c158,
    type: 3}
  m_PrefabInstance: {fileID: 67224515}
  m_PrefabAsset: {fileID: 0}
--- !u!64 &1190309771
MeshCollider:
  m_ObjectHideFlags: 0
  m_CorrespondingSourceObject: {fileID: 0}
  m_PrefabInstance: {fileID: 0}
  m_PrefabAsset: {fileID: 0}
  m_GameObject: {fileID: 1190309767}
  m_Material: {fileID: 0}
  m_IsTrigger: 0
  m_Enabled: 1
  serializedVersion: 4
  m_Convex: 0
  m_CookingOptions: 30
  m_Mesh: {fileID: 4300002, guid: 196088a2b2935a84b9a131ae31e3feed, type: 3}
--- !u!1 &1251179717 stripped
GameObject:
  m_CorrespondingSourceObject: {fileID: 100002, guid: 29e497487ae706f4a90f81cac1f10ccf,
    type: 3}
  m_PrefabInstance: {fileID: 116812222}
  m_PrefabAsset: {fileID: 0}
--- !u!64 &1251179718
MeshCollider:
  m_ObjectHideFlags: 0
  m_CorrespondingSourceObject: {fileID: 0}
  m_PrefabInstance: {fileID: 0}
  m_PrefabAsset: {fileID: 0}
  m_GameObject: {fileID: 1251179717}
  m_Material: {fileID: 0}
  m_IsTrigger: 0
  m_Enabled: 1
  serializedVersion: 4
  m_Convex: 0
  m_CookingOptions: 30
  m_Mesh: {fileID: 4300000, guid: ecdfe9f0b8508af4d92737c656e36132, type: 3}
--- !u!1 &1511273500
GameObject:
  m_ObjectHideFlags: 0
  m_CorrespondingSourceObject: {fileID: 0}
  m_PrefabInstance: {fileID: 0}
  m_PrefabAsset: {fileID: 0}
  serializedVersion: 6
  m_Component:
  - component: {fileID: 1511273503}
  - component: {fileID: 1511273502}
  - component: {fileID: 1511273501}
  m_Layer: 0
  m_Name: Main Camera
  m_TagString: MainCamera
  m_Icon: {fileID: 0}
  m_NavMeshLayer: 0
  m_StaticEditorFlags: 0
  m_IsActive: 0
--- !u!81 &1511273501
AudioListener:
  m_ObjectHideFlags: 0
  m_CorrespondingSourceObject: {fileID: 0}
  m_PrefabInstance: {fileID: 0}
  m_PrefabAsset: {fileID: 0}
  m_GameObject: {fileID: 1511273500}
  m_Enabled: 1
--- !u!20 &1511273502
Camera:
  m_ObjectHideFlags: 0
  m_CorrespondingSourceObject: {fileID: 0}
  m_PrefabInstance: {fileID: 0}
  m_PrefabAsset: {fileID: 0}
  m_GameObject: {fileID: 1511273500}
  m_Enabled: 1
  serializedVersion: 2
  m_ClearFlags: 1
  m_BackGroundColor: {r: 0.19215687, g: 0.3019608, b: 0.4745098, a: 0}
  m_projectionMatrixMode: 1
  m_GateFitMode: 2
  m_FOVAxisMode: 0
  m_SensorSize: {x: 36, y: 24}
  m_LensShift: {x: 0, y: 0}
  m_FocalLength: 50
  m_NormalizedViewPortRect:
    serializedVersion: 2
    x: 0
    y: 0
    width: 1
    height: 1
  near clip plane: 0.3
  far clip plane: 1000
  field of view: 60
  orthographic: 0
  orthographic size: 5
  m_Depth: -1
  m_CullingMask:
    serializedVersion: 2
    m_Bits: 4294967295
  m_RenderingPath: -1
  m_TargetTexture: {fileID: 0}
  m_TargetDisplay: 0
  m_TargetEye: 3
  m_HDR: 1
  m_AllowMSAA: 1
  m_AllowDynamicResolution: 0
  m_ForceIntoRT: 0
  m_OcclusionCulling: 1
  m_StereoConvergence: 10
  m_StereoSeparation: 0.022
--- !u!4 &1511273503
Transform:
  m_ObjectHideFlags: 0
  m_CorrespondingSourceObject: {fileID: 0}
  m_PrefabInstance: {fileID: 0}
  m_PrefabAsset: {fileID: 0}
  m_GameObject: {fileID: 1511273500}
  m_LocalRotation: {x: 0, y: 0, z: 0, w: 1}
  m_LocalPosition: {x: 0, y: 1, z: -10}
  m_LocalScale: {x: 1, y: 1, z: 1}
  m_Children: []
  m_Father: {fileID: 0}
  m_RootOrder: 0
  m_LocalEulerAnglesHint: {x: 0, y: 0, z: 0}
--- !u!1001 &1545283839
PrefabInstance:
  m_ObjectHideFlags: 0
  serializedVersion: 2
  m_Modification:
    m_TransformParent: {fileID: 0}
    m_Modifications:
    - target: {fileID: 100000, guid: ec505f73967a98c48a090df01f10c44b, type: 3}
      propertyPath: m_Name
      value: chair
      objectReference: {fileID: 0}
    - target: {fileID: 400000, guid: ec505f73967a98c48a090df01f10c44b, type: 3}
      propertyPath: m_LocalPosition.x
      value: 104.371
      objectReference: {fileID: 0}
    - target: {fileID: 400000, guid: ec505f73967a98c48a090df01f10c44b, type: 3}
      propertyPath: m_LocalPosition.y
      value: 77.402
      objectReference: {fileID: 0}
    - target: {fileID: 400000, guid: ec505f73967a98c48a090df01f10c44b, type: 3}
      propertyPath: m_LocalPosition.z
      value: 135.665
      objectReference: {fileID: 0}
    - target: {fileID: 400000, guid: ec505f73967a98c48a090df01f10c44b, type: 3}
      propertyPath: m_LocalRotation.x
      value: -0.7071068
      objectReference: {fileID: 0}
    - target: {fileID: 400000, guid: ec505f73967a98c48a090df01f10c44b, type: 3}
      propertyPath: m_LocalRotation.y
      value: 0
      objectReference: {fileID: 0}
    - target: {fileID: 400000, guid: ec505f73967a98c48a090df01f10c44b, type: 3}
      propertyPath: m_LocalRotation.z
      value: 0
      objectReference: {fileID: 0}
    - target: {fileID: 400000, guid: ec505f73967a98c48a090df01f10c44b, type: 3}
      propertyPath: m_LocalRotation.w
      value: 0.7071068
      objectReference: {fileID: 0}
    - target: {fileID: 400000, guid: ec505f73967a98c48a090df01f10c44b, type: 3}
      propertyPath: m_RootOrder
      value: 6
      objectReference: {fileID: 0}
    - target: {fileID: 400000, guid: ec505f73967a98c48a090df01f10c44b, type: 3}
      propertyPath: m_LocalEulerAnglesHint.x
      value: 0
      objectReference: {fileID: 0}
    - target: {fileID: 400000, guid: ec505f73967a98c48a090df01f10c44b, type: 3}
      propertyPath: m_LocalEulerAnglesHint.y
      value: 0
      objectReference: {fileID: 0}
    - target: {fileID: 400000, guid: ec505f73967a98c48a090df01f10c44b, type: 3}
      propertyPath: m_LocalEulerAnglesHint.z
      value: 0
      objectReference: {fileID: 0}
    - target: {fileID: 400000, guid: ec505f73967a98c48a090df01f10c44b, type: 3}
      propertyPath: m_LocalScale.x
      value: 1.3641621
      objectReference: {fileID: 0}
    - target: {fileID: 400000, guid: ec505f73967a98c48a090df01f10c44b, type: 3}
      propertyPath: m_LocalScale.y
      value: 1.3641621
      objectReference: {fileID: 0}
    - target: {fileID: 400000, guid: ec505f73967a98c48a090df01f10c44b, type: 3}
      propertyPath: m_LocalScale.z
      value: 1.3641621
      objectReference: {fileID: 0}
    - target: {fileID: 2300000, guid: ec505f73967a98c48a090df01f10c44b, type: 3}
      propertyPath: m_Materials.Array.data[0]
      value: 
      objectReference: {fileID: 2100000, guid: d2baf2fc045db4b4997b9871933227f6, type: 2}
    m_RemovedComponents: []
  m_SourcePrefab: {fileID: 100100000, guid: ec505f73967a98c48a090df01f10c44b, type: 3}
--- !u!1 &1647642661 stripped
GameObject:
  m_CorrespondingSourceObject: {fileID: 190766, guid: df8a43a449ce3144d9403e53eb63c158,
    type: 3}
  m_PrefabInstance: {fileID: 67224515}
  m_PrefabAsset: {fileID: 0}
--- !u!64 &1647642665
MeshCollider:
  m_ObjectHideFlags: 0
  m_CorrespondingSourceObject: {fileID: 0}
  m_PrefabInstance: {fileID: 0}
  m_PrefabAsset: {fileID: 0}
  m_GameObject: {fileID: 1647642661}
  m_Material: {fileID: 0}
  m_IsTrigger: 0
  m_Enabled: 1
  serializedVersion: 4
  m_Convex: 0
  m_CookingOptions: 30
  m_Mesh: {fileID: 4300000, guid: 196088a2b2935a84b9a131ae31e3feed, type: 3}
--- !u!1 &1828133258 stripped
GameObject:
  m_CorrespondingSourceObject: {fileID: 6146498833018448691, guid: d7f16bebf84a8be45a4edf754a799508,
    type: 3}
  m_PrefabInstance: {fileID: 1174339607}
  m_PrefabAsset: {fileID: 0}
--- !u!64 &1828133259
MeshCollider:
  m_ObjectHideFlags: 0
  m_CorrespondingSourceObject: {fileID: 0}
  m_PrefabInstance: {fileID: 0}
  m_PrefabAsset: {fileID: 0}
  m_GameObject: {fileID: 1828133258}
  m_Material: {fileID: 0}
  m_IsTrigger: 0
  m_Enabled: 1
  serializedVersion: 4
  m_Convex: 0
  m_CookingOptions: 30
  m_Mesh: {fileID: 4300000, guid: 86f5484b88f6e4b40b3111ccff232762, type: 3}
